timestamp_ns,price,size,aggressor
1760000000102006029,21400.00,5,B
1760000000191286039,21400.25,6,B
1760000000283421073,21400.25,8,S
1760000000316020505,21400.25,7,S
1760000000370945000,21400.00,4,S
1760000000415414366,21400.25,6,B
1760000000476926533,21400.50,7,B
1760000000563048128,21400.25,4,S
1760000000984506454,21400.25,4,B
1760000001030738730,21400.50,5,B
1760000001131518575,21400.75,6,B
1760000001246914454,21400.75,2,S
1760000001410413517,21400.75,4,S
1760000001516961834,21400.75,5,B
1760000001547734010,21400.75,8,B
1760000001592675153,21400.50,4,S
1760000001733644619,21400.50,5,B
1760000001782220092,21400.50,7,S
1760000001979389865,21400.50,8,S
1760000002020968000,21400.75,6,B
1760000002229596846,21400.75,8,B
1760000002300456006,21400.75,6,B
1760000002607285760,21400.75,3,S
1760000002818252645,21400.75,2,S
1760000003028633937,21401.00,6,B
1760000003042375426,21401.00,7,B
1760000003248286815,21401.00,7,B
1760000003285642231,21401.00,8,S
1760000003345696505,21401.00,6,B
1760000003346418187,21400.75,1,S
1760000003542769383,21400.50,7,S
1760000003816900470,21400.50,7,B
1760000003838023193,21400.50,6,B
1760000003943997594,21400.25,3,S
1760000003972586807,21400.50,2,B
1760000004031129287,21400.50,6,S
1760000004755098646,21400.50,5,S
1760000004821582052,21400.50,2,B
1760000004869220144,21400.50,9,S
1760000005184617102,21400.50,5,S
1760000005205676597,21400.25,3,S
1760000005210820911,21400.25,6,B
1760000005216677042,21400.50,5,B
1760000005229447496,21400.25,5,S
1760000005326043271,21400.25,7,B
1760000005451988934,21400.25,6,B
1760000005489994580,21400.25,1,B
1760000005567134517,21400.50,3,B
1760000005778554582,21400.50,10,S
1760000005853831710,21400.50,2,S
1760000005884547551,21400.75,7,B
1760000005926536458,21400.75,8,S
1760000005955454278,21400.75,1,S
1760000005996034276,21400.75,7,B
1760000006054344434,21400.75,6,B
1760000006058013752,21400.75,5,B
1760000006062286640,21400.50,4,S
1760000006176878003,21400.50,8,S
1760000006541218998,21400.75,5,B
1760000006543728870,21400.75,9,S
1760000006743286001,21400.50,4,S
1760000006768444640,21400.50,4,S
1760000006793666294,21400.75,5,B
1760000006896243863,21400.75,7,B
1760000007176321517,21400.75,3,B
1760000007187795571,21400.75,6,B
1760000007280989031,21400.50,4,S
1760000007354369356,21400.50,4,S
1760000007410809122,21400.50,6,S
1760000007641114478,21400.50,6,B
1760000007760585533,21400.50,6,S
1760000007844774676,21400.50,5,B
1760000007868370037,21400.50,6,B
1760000007932460846,21400.50,7,S
1760000007941321625,21400.50,7,B
1760000007978488804,21400.25,2,S
1760000008391606400,21400.25,6,B
1760000008518313962,21400.25,7,B
1760000008634668223,21400.25,3,S
1760000008797688350,21400.25,6,S
1760000009047147710,21400.25,9,B
1760000009085317387,21400.25,8,S
1760000009262848439,21400.25,4,S
1760000009446020927,21400.25,9,B
1760000009473365433,21400.25,5,B
1760000009488258838,21400.25,2,B
1760000009541850602,21400.25,8,B
1760000009833842669,21400.25,8,B
1760000009898656176,21400.25,8,B
1760000010036296785,21400.25,5,S
1760000010061068799,21400.25,9,B
1760000010079106512,21400.50,9,B
1760000010081840184,21400.50,5,B
1760000010101896358,21400.50,6,B
1760000010143069913,21400.50,4,S
1760000010145027274,21400.50,4,S
1760000010250050665,21400.50,2,S
1760000010347161176,21400.50,5,B
1760000010642346156,21400.50,2,B
1760000010976792252,21400.75,7,B
1760000011089910125,21400.50,2,S
1760000011209376090,21400.50,5,B
1760000011361993981,21400.50,3,B
1760000011551423464,21400.25,8,S
1760000011773593137,21400.25,7,B
1760000011938722942,21400.25,9,S
1760000012028488149,21400.00,5,S
1760000012167308280,21400.00,3,S
1760000012235490734,21400.25,7,B
1760000012356283379,21400.50,2,B
1760000012383905651,21400.50,7,B
1760000012541376874,21400.75,4,B
1760000012650429389,21400.75,7,B
1760000012693786612,21400.75,2,B
1760000012821542925,21400.75,3,S
1760000012955715054,21400.75,9,B
1760000012988982817,21401.00,6,B
1760000013065368775,21401.00,7,B
1760000013184908871,21401.00,7,B
1760000013248282979,21401.25,3,B
1760000013531412612,21401.50,2,B
1760000013547570148,21401.50,2,S
1760000013629231213,21401.50,7,S
1760000013868377629,21401.50,6,B
1760000013952456416,21401.50,4,B
1760000014060463385,21401.75,2,B
1760000014060731316,21402.00,8,B
1760000014257062090,21402.25,8,B
1760000014346170596,21402.50,4,B
1760000014521403989,21402.75,7,B
1760000014659617381,21402.75,6,B
1760000014729026580,21403.00,4,B
1760000014861653402,21403.00,9,B
1760000015162811681,21403.00,7,S
1760000015166918016,21403.00,6,S
1760000015224167729,21403.00,6,S
1760000015276651411,21403.00,6,B
1760000015385295143,21403.00,4,B
1760000015394513229,21403.00,6,S
1760000015598049942,21403.25,7,B
1760000015695503883,21403.50,4,B
1760000015753149886,21403.25,6,S
1760000015876862462,21403.50,4,B
1760000016170723473,21403.25,7,S
1760000016292941099,21403.25,5,B
1760000016314088585,21403.25,2,S
1760000016346419152,21403.25,3,S
1760000016475900478,21403.25,5,S
1760000016535058394,21403.25,4,S
1760000016930210853,21403.25,4,B
1760000016968509273,21403.25,5,B
1760000017303249644,21403.25,3,B
1760000017510548186,21403.25,9,S
1760000017861060060,21403.25,5,B
1760000017958679900,21403.25,8,B
1760000018266895212,21403.25,8,S
1760000018270551145,21403.25,4,S
1760000018653769461,21403.25,4,S
1760000018671965398,21403.50,5,B
1760000018728297852,21403.50,3,B
1760000018747543449,21403.50,6,S
1760000018773964544,21403.50,4,S
1760000019005439850,21403.50,7,B
1760000019107310604,21403.75,4,B
1760000019844857238,21403.75,8,B
1760000019879845723,21403.75,3,S
1760000019963300444,21403.75,6,B
1760000020112795800,21403.75,7,B
1760000020133884200,21403.75,7,S
1760000020144105629,21403.50,4,S
1760000020230754263,21403.50,3,B
1760000020244929032,21403.50,9,S
1760000020489675062,21403.50,8,S
1760000020694002966,21403.50,2,S
1760000020834306942,21403.50,7,S
1760000020843771299,21403.75,4,B
1760000020889750598,21403.75,3,B
1760000021002093330,21403.75,7,S
1760000021248905256,21403.75,8,S
1760000021301380109,21403.75,6,B
1760000021313723561,21403.75,8,B
1760000021402236772,21403.75,4,S
1760000021497857517,21403.50,5,S
1760000021691270632,21403.50,10,B
1760000021735692345,21403.50,4,B
1760000021844390980,21403.50,1,S
1760000021998940902,21403.25,6,S
1760000022087222408,21403.00,6,S
1760000022087506366,21403.25,2,B
1760000022195698889,21403.50,6,B
1760000022234821308,21403.50,4,S
1760000022294291902,21403.50,8,B
1760000022319336923,21403.50,6,S
1760000022422434349,21403.50,7,B
1760000022538301633,21403.75,6,B
1760000022545095501,21403.75,10,B
1760000022584427237,21403.75,6,S
1760000022596577816,21403.75,10,S
1760000022797191211,21403.75,7,B
1760000022927981131,21403.75,5,B
1760000023235010589,21404.00,4,B
1760000023371498704,21404.25,5,B
1760000023685285041,21404.25,9,S
1760000023690566706,21404.25,5,B
1760000023761375033,21404.25,7,S
1760000023773578839,21404.50,8,B
1760000024140669443,21404.25,3,S
1760000024160565291,21404.25,5,S
1760000024161177742,21404.50,1,B
1760000024298263854,21404.50,4,B
1760000024344475828,21404.25,2,S
1760000024361603296,21404.25,6,S
1760000024470056098,21404.25,3,B
1760000024526252839,21404.25,8,B
1760000024636253934,21404.00,4,S
1760000024782075741,21403.75,1,S
1760000024850868888,21403.50,10,S
1760000025014961843,21403.50,4,B
1760000025016853782,21403.50,6,S
1760000025029090138,21403.50,8,B
1760000025207484694,21403.25,8,S
1760000025281710568,21403.25,4,B
1760000025322217381,21403.25,5,B
1760000025452184693,21403.25,2,S
1760000025468019132,21403.25,7,S
1760000025536164124,21403.25,9,S
1760000025794069496,21403.25,4,S
1760000025852009001,21403.25,7,S
1760000025857790148,21403.00,3,S
1760000025961259989,21402.75,9,S
1760000026009789176,21402.50,10,S
1760000026030644166,21402.50,4,S
1760000026041570074,21402.50,2,S
1760000026070037897,21402.50,9,S
1760000026087324087,21402.50,5,S
1760000026243021410,21402.25,5,S
1760000026356459662,21402.25,4,S
1760000026364961216,21402.25,8,S
1760000026484853097,21402.25,9,S
1760000026641712429,21402.25,5,S
1760000026745565278,21402.50,4,B
1760000027040580514,21402.25,3,S
1760000027048611006,21402.25,5,S
1760000027157061011,21402.25,8,S
1760000027173814485,21402.25,4,S
1760000027226723393,21402.00,8,S
1760000027260260588,21402.00,5,S
1760000027306122015,21402.00,6,S
1760000027456685693,21402.25,6,B
1760000027663044025,21402.25,7,B
1760000027935299850,21402.50,4,B
1760000027994959849,21402.50,2,S
1760000028164624738,21402.50,4,S
1760000028213427832,21402.75,3,B
1760000028396172479,21403.00,9,B
1760000028574023534,21403.00,5,S
1760000028810318092,21403.00,9,B
1760000028865353556,21402.75,1,S
1760000028892592123,21402.75,8,B
1760000028969390788,21402.75,4,S
1760000029025469242,21402.75,5,S
1760000029392984615,21402.75,9,B
1760000029473762324,21402.75,8,S
1760000029475399883,21402.75,5,S
1760000029608273014,21402.75,7,S
1760000029670751407,21402.75,2,S
1760000029796645378,21402.75,3,B
1760000030067506884,21402.75,8,S
1760000030096717906,21402.75,5,B
1760000030110011065,21402.75,7,S
1760000030151416751,21402.75,3,S
1760000030281274893,21402.75,6,B
1760000030316055818,21402.75,5,B
1760000030433098277,21403.00,7,B
1760000031062387559,21402.75,6,S
1760000031134354340,21402.50,2,S
1760000031323183124,21402.75,5,B
1760000031371448155,21402.75,6,S
1760000031417971797,21402.75,4,S
1760000031741168036,21403.00,8,B
1760000031985978275,21402.75,7,S
1760000032104388967,21402.50,2,S
1760000032164544756,21402.50,8,B
1760000032207227722,21402.50,4,B
1760000032331640941,21402.50,2,S
1760000032488694240,21402.50,7,B
1760000032573622285,21402.50,3,B
1760000032624398647,21402.50,7,S
1760000032797751137,21402.50,7,S
1760000032811486103,21402.50,6,S
1760000032957493817,21402.50,6,S
1760000032993752275,21402.50,4,B
1760000033288414371,21402.75,7,B
1760000033301786975,21402.75,10,B
1760000033320255719,21402.75,7,S
1760000033505107754,21402.75,1,S
1760000033509760516,21402.75,8,S
1760000033611645809,21402.75,8,S
1760000033925491059,21402.50,6,S
1760000033931669348,21402.50,4,S
1760000034024977505,21402.50,5,S
1760000034167966607,21402.25,5,S
1760000034181036937,21402.25,8,B
1760000034209574781,21402.00,7,S
1760000034337275174,21402.00,6,S
1760000034339620084,21402.00,3,S
1760000034427169545,21402.00,6,S
1760000034504105597,21402.00,8,S
1760000034549641164,21402.00,7,B
1760000034583693445,21402.00,7,B
1760000034758168430,21402.25,5,B
1760000034839774932,21402.50,9,B
1760000034891088943,21402.50,8,S
1760000034907216286,21402.25,7,S
1760000034924949932,21402.25,9,B
1760000034992254324,21402.25,3,S
1760000035032487266,21402.25,5,B
1760000035096844944,21402.25,9,S
1760000035122662867,21402.25,5,S
1760000035295069935,21402.25,2,B
1760000035296981833,21402.25,8,S
1760000035503195219,21402.00,6,S
1760000035526431525,21402.00,5,S
1760000035769614564,21402.00,7,B
1760000035835814325,21402.00,5,B
1760000035957858743,21402.00,6,S
1760000036040067676,21402.00,8,B
1760000036266174054,21402.00,4,B
1760000036270471745,21402.00,5,S
1760000036293044936,21402.00,4,S
1760000036304611455,21402.00,7,B
1760000036331116997,21402.00,4,B
1760000036445433617,21401.75,7,S
1760000036550569860,21401.50,8,S
1760000036556668354,21401.50,2,B
1760000036610777077,21401.50,4,S
1760000036765875409,21401.25,1,S
1760000036801313483,21401.25,5,S
1760000036861891068,21401.00,8,S
1760000036893751541,21401.00,9,S
1760000036923493121,21401.00,3,S
1760000037017899019,21401.00,8,S
1760000037057637800,21401.00,2,S
1760000037087854485,21401.00,5,B
1760000037175192159,21401.25,4,B
1760000037211836747,21401.25,8,B
1760000037224326850,21401.00,5,S
1760000037240954220,21401.00,9,S
1760000037320635025,21400.75,7,S
1760000037461178483,21400.50,8,S
1760000037582839085,21400.50,6,B
1760000037667866371,21400.50,8,B
1760000037680223349,21400.50,4,B
1760000037694373294,21400.50,8,B
1760000037806081795,21400.75,6,B
1760000037813665152,21400.75,5,B
1760000038086362157,21400.75,7,B
1760000038469559964,21400.75,7,S
1760000038673290385,21400.75,6,S
1760000038779287473,21401.00,8,B
1760000038854543766,21401.25,6,B
1760000038966476256,21401.25,3,B
1760000039028210730,21401.25,6,S
1760000039082552602,21401.25,2,S
1760000039105630065,21401.25,2,S
1760000039240545754,21401.50,2,B
1760000039255643809,21401.50,9,S
1760000039403721112,21401.25,7,S
1760000039477379007,21401.25,7,B
1760000039590932610,21401.50,8,B
1760000039702206528,21401.75,5,B
1760000039842618191,21401.75,8,B
1760000039858207782,21401.75,6,B
1760000039907378578,21401.75,4,B
1760000040095197533,21402.00,9,B
1760000040099232614,21402.00,10,B
1760000040210539398,21402.00,2,S
1760000040487255368,21401.75,5,S
1760000040606205269,21401.75,6,B
1760000040668988127,21401.75,7,S
1760000040883385666,21401.75,4,S
1760000040929701167,21401.75,7,B
1760000040945474526,21401.75,3,S
1760000040985502179,21401.75,8,B
1760000041091809697,21401.75,7,S
1760000041110230068,21401.50,8,S
1760000041130570016,21401.50,6,S
1760000041135543089,21401.75,2,B
1760000041258359245,21401.75,8,B
1760000041366029945,21401.75,4,B
1760000041367716706,21401.75,5,B
1760000041379035416,21402.00,6,B
1760000041453786458,21402.00,7,B
1760000041537027885,21401.75,6,S
1760000042015873570,21401.75,4,B
1760000042117139438,21401.50,9,S
1760000042270561496,21401.50,2,B
1760000042294313265,21401.50,6,S
1760000042299081350,21401.50,2,S
1760000042563260362,21401.50,6,B
1760000042702795677,21401.75,6,B
1760000042882765100,21401.75,6,B
1760000043023663796,21401.75,3,S
1760000043033943043,21402.00,9,B
1760000043343738143,21402.25,7,B
1760000043369633144,21402.25,7,B
1760000043457791916,21402.50,1,B
1760000043488985572,21402.50,7,B
1760000043538353253,21402.50,3,S
1760000043552568038,21402.50,9,B
1760000043605000365,21402.50,6,B
1760000043606242105,21402.50,6,B
1760000043691096069,21402.50,5,B
1760000043697631784,21402.50,4,B
1760000043742436417,21402.50,4,B
1760000043756995603,21402.50,8,B
1760000043919998684,21402.50,6,S
1760000043955728382,21402.50,6,B
1760000043975285753,21402.50,6,S
1760000044014721393,21402.50,3,B
1760000044283644953,21402.50,6,B
1760000044345564431,21402.50,8,S
1760000044352731076,21402.25,4,S
1760000044381857483,21402.25,4,B
1760000044441471640,21402.25,8,B
1760000044445217444,21402.25,9,S
1760000044546878389,21402.25,5,S
1760000044629711021,21402.25,6,S
1760000044640909770,21402.25,6,S
1760000044699928865,21402.25,10,B
1760000044769336783,21402.25,1,B
1760000044947310631,21402.25,6,S
1760000045100683396,21402.25,6,B
1760000045107637092,21402.25,3,B
1760000045212040957,21402.00,6,S
1760000045229492454,21402.00,5,B
1760000045328852924,21402.00,5,B
1760000045418551541,21402.00,4,B
1760000045558115529,21402.00,4,B
1760000045597565808,21402.25,8,B
1760000045935459703,21402.50,6,B
1760000046031526472,21402.50,7,S
1760000046120727357,21402.75,8,B
1760000046135967742,21402.75,8,B
1760000046190965765,21402.75,6,S
1760000046209221787,21403.00,8,B
1760000046214731974,21403.00,9,B
1760000046320595130,21403.00,7,B
1760000046338897729,21403.25,6,B
1760000046372959655,21403.25,8,S
1760000046444459265,21403.25,5,B
1760000046587172622,21403.50,4,B
1760000046720348959,21403.25,5,S
1760000046918543880,21403.25,2,B
1760000046942100693,21403.25,5,S
1760000047037851349,21403.25,5,S
1760000047081055178,21403.25,7,B
1760000047112162950,21403.25,2,S
1760000047441232348,21403.25,7,S
1760000047642282716,21403.25,7,B
1760000047692156078,21403.25,6,S
1760000047850435010,21403.25,8,S
1760000048125848792,21403.50,6,B
1760000048483942072,21403.50,5,S
1760000048534644669,21403.50,5,B
1760000048613899559,21403.50,8,B
1760000048757554809,21403.25,5,S
1760000048818530704,21403.25,7,S
1760000048854465055,21403.25,3,B
1760000048963681014,21403.00,8,S
1760000049083892259,21402.75,4,S
1760000049098129270,21402.75,1,B
1760000049217069586,21403.00,2,B
1760000049265369546,21402.75,5,S
1760000049478223478,21402.50,2,S
1760000049553833939,21402.50,6,B
1760000049682002882,21402.50,2,B
1760000049908911092,21402.75,6,B
1760000050239269289,21403.00,9,B
1760000050330900330,21403.00,6,B
1760000050539508434,21403.00,2,B
1760000050607805888,21403.00,5,B
1760000050682944236,21402.75,8,S
1760000050728422240,21402.75,1,S
1760000050816941062,21402.75,8,S
1760000050850696637,21402.75,9,S
1760000050902159491,21403.00,5,B
1760000051155895164,21402.75,6,S
1760000051244189746,21402.75,9,S
1760000051550865274,21403.00,4,B
1760000051611263924,21403.00,1,S
1760000051734330039,21402.75,7,S
1760000051807150050,21402.75,8,B
1760000052024670221,21402.50,6,S
1760000052098873341,21402.50,7,S
1760000052104576854,21402.25,4,S
1760000052253002399,21402.25,1,B
1760000052448681620,21402.50,6,B
1760000052701538068,21402.50,5,B
1760000052740369670,21402.50,3,B
1760000052825124518,21402.75,5,B
1760000053133208681,21402.75,5,B
1760000053172854400,21402.75,8,B
1760000053270330510,21402.75,5,B
1760000053402180377,21402.75,2,B
1760000053480169735,21402.75,3,S
1760000053480316047,21402.50,6,S
1760000053534757019,21402.50,7,S
1760000053567583161,21402.50,6,S
1760000053934705939,21402.75,7,B
1760000054106165169,21402.75,4,B
1760000054136409679,21402.75,5,B
1760000054196696069,21402.75,2,B
1760000054207862744,21402.75,5,B
1760000054252224226,21402.75,2,B
1760000054417040492,21402.75,5,B
1760000054441250297,21402.75,8,S
1760000054446269227,21402.75,2,B
1760000054750126121,21403.00,2,B
1760000054763074738,21403.00,3,B
1760000054785155995,21402.75,7,S
1760000055034565164,21402.75,7,B
1760000055093161635,21402.75,4,S
1760000055098358114,21402.75,7,S
1760000055101350678,21403.00,6,B
1760000055316271692,21403.00,7,B
1760000055351242358,21403.25,5,B
1760000055373488962,21403.25,5,S
1760000055828213207,21403.25,9,B
1760000055867015678,21403.50,6,B
1760000055869989817,21403.50,7,S
1760000056653841542,21403.25,4,S
1760000056730131912,21403.25,8,S
1760000056773952124,21403.25,3,S
1760000056863728347,21403.00,7,S
1760000056946649436,21403.25,8,B
1760000056983618663,21403.50,8,B
1760000056983687037,21403.25,4,S
1760000057109895840,21403.50,10,B
1760000057359057730,21403.50,3,S
1760000057405832872,21403.50,3,B
1760000057537641141,21403.50,9,B
1760000057575808684,21403.50,4,S
1760000057685329993,21403.50,4,S
1760000057704896000,21403.50,5,B
1760000057724995290,21403.50,6,B
1760000057827062345,21403.75,5,B
1760000057845441099,21403.50,6,S
1760000057846587204,21403.50,1,B
1760000057895352995,21403.50,7,S
1760000058108865892,21403.50,10,S
1760000058250848336,21403.50,3,B
1760000058252876567,21403.50,7,B
1760000058260672983,21403.50,7,S
1760000058682501310,21403.50,8,B
1760000058699592454,21403.75,5,B
1760000058819059642,21404.00,2,B
1760000058824150605,21404.00,2,B
1760000058868908919,21404.00,2,S
1760000058871516184,21404.25,4,B
1760000059057158192,21404.25,6,B
1760000059135712081,21404.25,4,B
1760000059194730584,21404.50,2,B
1760000059334258098,21404.25,7,S
1760000059387699370,21404.25,8,B
1760000059724749810,21404.25,6,S
1760000059789426236,21404.25,9,S
1760000059902602269,21404.50,5,B
1760000060200315862,21404.75,6,B
1760000060257478442,21404.75,7,S
1760000060296007857,21404.75,7,B
1760000060490236456,21404.75,6,B
1760000060587802833,21405.00,9,B
1760000060729840656,21405.00,5,S
1760000060883899789,21404.75,8,S
1760000060977794882,21405.00,6,B
1760000061071611525,21405.00,2,S
1760000061208555179,21405.00,3,S
1760000061378593203,21405.00,2,B
1760000061393024768,21405.00,5,S
1760000061523514424,21405.00,9,B
1760000061589768527,21405.00,5,B
1760000061746545543,21405.00,9,B
1760000061749483086,21405.00,2,B
1760000061752846112,21405.00,8,B
1760000061803420349,21405.00,4,S
1760000061870517193,21405.00,4,B
1760000062052319594,21405.00,3,B
1760000062055103024,21404.75,7,S
1760000062080606707,21404.75,5,B
1760000062280581007,21405.00,6,B
1760000062441958140,21405.00,8,B
1760000062783157011,21405.00,4,B
1760000062846023756,21405.00,8,S
1760000062856817039,21405.00,9,S
1760000062890039928,21405.00,5,S
1760000062992370397,21405.00,4,S
1760000063008613973,21405.00,8,S
1760000063116651039,21405.00,6,S
1760000063168503037,21405.00,6,S
1760000063210535593,21405.00,7,S
1760000063246230924,21405.00,6,B
1760000063281014346,21405.00,7,S
1760000063510864847,21404.75,7,S
1760000063715994761,21404.75,4,B
1760000063779583879,21404.75,5,S
1760000063843491394,21404.75,4,S
1760000064048168809,21404.75,6,B
1760000064483934212,21404.75,2,B
1760000064550795445,21404.50,1,S
1760000064610953158,21404.25,2,S
1760000064706269311,21404.25,7,S
1760000064706737319,21404.25,6,S
1760000064708545176,21404.25,7,B
1760000064918090184,21404.25,1,B
1760000064953501187,21404.25,9,B
1760000064994725261,21404.25,4,B
1760000065012743667,21404.25,2,S
1760000065038145365,21404.25,3,B
1760000065162316325,21404.25,7,S
1760000065259903091,21404.25,6,B
1760000065272209141,21404.50,6,B
1760000065393231107,21404.50,6,B
1760000065466692470,21404.50,4,S
1760000065538351409,21404.50,6,S
1760000065688840695,21404.50,8,S
1760000065741562661,21404.50,6,S
1760000065768285956,21404.75,5,B
1760000065878856273,21404.75,3,B
1760000065982233377,21404.75,6,B
1760000065987371149,21404.75,6,S
1760000066121518621,21404.75,1,B
1760000066312572061,21404.75,7,B
1760000066523336031,21404.75,2,B
1760000066574548264,21404.75,9,B
1760000066791812679,21405.00,2,B
1760000066802762152,21405.00,8,B
1760000066953795779,21405.00,5,S
1760000067206867368,21405.25,3,B
1760000067328799087,21405.25,10,S
1760000067412042823,21405.25,5,B
1760000067468755600,21405.25,5,S
1760000067651411204,21405.25,6,B
1760000067840356533,21405.25,4,S
1760000067879016033,21405.25,7,B
1760000068048899413,21405.25,8,B
1760000068058113120,21405.25,1,S
1760000068109770609,21405.25,5,B
1760000068439918254,21405.25,6,B
1760000068485070595,21405.50,6,B
1760000068567202940,21405.50,1,S
1760000068709631623,21405.50,7,B
1760000068783442958,21405.75,4,B
1760000068812784716,21406.00,5,B
1760000068873857786,21406.00,5,B
1760000069021762444,21406.00,6,B
1760000069353783435,21406.00,8,S
1760000069611974816,21406.00,6,S
1760000069743091525,21406.00,8,S
1760000069797334291,21406.00,4,S
1760000069848062482,21405.75,10,S
1760000070065602108,21405.75,7,B
1760000070190037972,21405.75,8,B
1760000070232394808,21405.75,6,S
1760000070310590785,21405.75,9,S
1760000070596490277,21405.75,7,S
1760000070806436120,21405.75,6,B
1760000070812263117,21405.75,8,B
1760000070841106154,21405.75,3,B
1760000071009321111,21405.75,6,B
1760000071144960784,21405.75,8,S
1760000071254172200,21405.75,7,S
1760000071259702564,21405.75,5,S
1760000071502162445,21405.75,9,S
1760000071636275439,21405.75,2,B
1760000071964550893,21405.50,4,S
1760000071997278077,21405.25,9,S
1760000072274528071,21405.25,5,B
1760000072423100190,21405.25,7,B
1760000072430667503,21405.25,6,S
1760000072437728686,21405.00,3,S
1760000072546595222,21405.25,9,B
1760000072611003726,21405.00,6,S
1760000072638493195,21405.00,2,S
1760000072753237119,21405.00,10,S
1760000072786481216,21405.00,7,S
1760000072948843388,21404.75,5,S
1760000073244902722,21404.75,9,B
1760000073245638481,21404.75,4,S
1760000073268652726,21404.75,9,S
1760000073438345493,21404.75,1,B
1760000073445952425,21405.00,5,B
1760000073618335961,21405.00,3,B
1760000073667683966,21405.25,5,B
1760000073808726524,21405.25,3,B
1760000073963322096,21405.50,7,B
1760000074013593501,21405.25,8,S
1760000074048546195,21405.00,3,S
1760000074129183201,21405.00,9,B
1760000074422890657,21405.00,4,B
1760000074476104861,21405.25,4,B
1760000074488278983,21405.25,5,S
1760000074550132169,21405.50,8,B
1760000074852833633,21405.50,2,B
1760000074886400090,21405.50,8,S
1760000074974147950,21405.50,6,S
1760000074992617128,21405.50,5,S
1760000075007039487,21405.50,7,S
1760000075051471766,21405.50,4,B
1760000075273385391,21405.50,6,B
1760000075281224794,21405.50,8,B
1760000075305147094,21405.75,8,B
1760000075411252199,21405.75,4,S
1760000075473745207,21405.75,5,B
1760000075582417084,21405.50,6,S
1760000075641515943,21405.50,7,B
1760000075773194443,21405.25,5,S
1760000075799854192,21405.25,6,S
1760000075863280572,21405.25,10,S
1760000076040268916,21405.00,9,S
1760000076059366787,21405.00,7,S
1760000076106579982,21405.00,5,S
1760000076173300944,21404.75,3,S
1760000076181323108,21404.50,3,S
1760000076226299758,21404.50,4,B
1760000076338763386,21404.50,4,S
1760000076366691176,21404.50,6,B
1760000076372444767,21404.75,8,B
1760000076720610768,21404.75,2,S
1760000076780249730,21404.75,3,S
1760000076957659511,21404.50,7,S
1760000076976018352,21404.50,9,S
1760000076983151079,21404.50,10,B
1760000077037588461,21404.75,8,B
1760000077129170995,21404.50,6,S
1760000077206668774,21404.50,8,B
1760000077261259496,21404.50,7,B
1760000077304417484,21404.50,5,S
1760000077359841157,21404.25,9,S
1760000077412375322,21404.25,5,B
1760000077486302944,21404.25,6,B
1760000077497573153,21404.25,7,B
1760000077552661824,21404.25,8,S
1760000077705811604,21404.25,8,S
1760000077735084771,21404.25,6,S
1760000077761191552,21404.25,2,S
1760000077832189059,21404.25,2,S
1760000077881471862,21404.25,5,S
1760000078141654282,21404.50,6,B
1760000078190158052,21404.50,7,S
1760000078314500762,21404.50,4,S
1760000078337028751,21404.50,4,S
1760000078340447464,21404.75,3,B
1760000078367793384,21405.00,6,B
1760000078411354016,21405.00,1,S
1760000078491114306,21405.00,7,S
1760000078533804903,21405.00,8,S
1760000078534271134,21405.00,5,B
1760000078604221703,21404.75,9,S
1760000078633008778,21404.75,5,S
1760000078774673119,21404.75,4,S
1760000078787033297,21404.75,7,B
1760000078907823382,21404.75,4,B
1760000078941691391,21404.75,3,S
1760000079022558756,21404.75,7,B
1760000079137477964,21404.75,3,S
1760000079270442552,21405.00,7,B
1760000079287402306,21405.00,8,B
1760000079288066878,21405.00,6,S
1760000079516464020,21405.00,6,S
1760000079536659956,21405.00,2,S
1760000079611258954,21405.00,5,S
1760000079653921031,21404.75,8,S
1760000079691849796,21404.75,8,B
1760000079702468974,21405.00,6,B
1760000080020739800,21405.25,5,B
1760000080075056251,21405.25,6,S
1760000080462685415,21405.25,4,S
1760000080543729960,21405.25,4,S
1760000080563162161,21405.25,9,S
1760000080690659047,21405.25,4,S
1760000080807952717,21405.25,9,B
1760000080818078709,21405.25,5,B
1760000080820082179,21405.25,6,B
1760000080906085923,21405.00,8,S
1760000080977511673,21405.00,4,S
1760000081072616397,21405.00,6,S
1760000081172386383,21405.00,1,S
1760000081190060040,21405.25,6,B
1760000081408710886,21405.25,9,S
1760000081745465968,21405.25,8,B
1760000081866095829,21405.50,1,B
1760000081872687633,21405.50,1,B
1760000081903130080,21405.50,6,B
1760000081929182950,21405.50,2,B
1760000081932761730,21405.50,7,S
1760000082301575885,21405.50,6,S
1760000082390938568,21405.50,8,S
1760000082465058889,21405.50,4,B
1760000082501856775,21405.25,1,S
1760000082575946974,21405.25,7,B
1760000082611558844,21405.25,6,S
1760000082770899251,21405.25,3,S
1760000082896404103,21405.25,4,S
1760000082904656403,21405.25,5,S
1760000083009198739,21405.00,2,S
1760000083029337824,21404.75,8,S
1760000083050137391,21405.00,5,B
1760000083070709217,21405.00,2,S
1760000083087041577,21405.00,6,S
1760000083706691197,21405.00,2,B
1760000083737684453,21405.00,3,S
1760000083963731866,21405.00,5,B
1760000084111233641,21405.00,2,S
1760000084173006937,21405.00,5,S
1760000084190277108,21405.00,9,S
1760000084203304096,21404.75,2,S
1760000084230218374,21404.50,7,S
1760000084242961900,21404.50,9,B
1760000084333648500,21404.25,5,S
1760000084343233704,21404.25,3,S
1760000084446677778,21404.25,5,S
1760000084473162214,21404.25,9,S
1760000084494601076,21404.25,4,S
1760000084723531488,21404.25,6,B
1760000084744188003,21404.25,7,B
1760000084990081491,21404.50,7,B
1760000085035827784,21404.50,9,B
1760000085056350080,21404.25,6,S
1760000085397970494,21404.00,8,S
1760000085414709633,21404.25,1,B
1760000085595007869,21404.25,2,B
1760000085661438634,21404.25,9,S
1760000085782274884,21404.25,10,B
1760000085789625972,21404.25,4,S
1760000085951081043,21404.25,6,B
1760000086109190182,21404.25,3,S
1760000086398514036,21404.00,6,S
1760000086447181188,21404.00,10,S
1760000086528857771,21404.00,7,S
1760000086641094769,21404.00,8,B
1760000086711352476,21404.00,8,S
1760000086982437844,21404.00,9,S
1760000087038752960,21404.00,9,S
1760000087062823667,21404.00,7,B
1760000087062843232,21404.25,5,B
1760000087077355719,21404.00,3,S
1760000087224987724,21404.00,9,S
1760000087306253590,21404.00,4,B
1760000087351995172,21403.75,3,S
1760000087436505537,21403.75,5,B
1760000087503502602,21403.75,5,S
1760000087606295981,21403.75,5,B
1760000087818149570,21403.75,2,S
1760000087955854754,21403.75,3,S
1760000088030169065,21403.75,7,B
1760000088149825316,21403.75,9,S
1760000088220090406,21404.00,5,B
1760000088234268545,21404.00,4,B
1760000088303948553,21403.75,5,S
1760000088385886777,21403.75,6,B
1760000088413635544,21403.75,5,B
1760000088425573586,21403.75,3,B
1760000088444116857,21403.75,8,B
1760000088459878012,21403.75,1,B
1760000088594424595,21403.75,4,B
1760000088595807442,21404.00,7,B
1760000088673027663,21404.00,7,B
1760000088739003997,21403.75,10,S
1760000088813827520,21404.00,7,B
1760000088910051767,21404.00,8,B
1760000089101162127,21404.00,3,S
1760000089303211823,21404.00,3,B
1760000089369505081,21403.75,6,S
1760000089709999639,21403.75,5,B
1760000089777320928,21403.50,5,S
1760000089875465465,21403.50,6,S
1760000090096559159,21403.25,7,S
1760000090122123600,21403.25,10,B
1760000090216914227,21403.00,6,S
1760000090233490075,21403.00,7,B
1760000090248406981,21403.00,4,S
1760000090365052878,21403.00,7,B
1760000090635403851,21403.00,9,S
1760000090932218605,21403.00,6,S
1760000091257142282,21403.00,4,B
1760000091408150369,21403.00,7,S
1760000091491862077,21403.25,3,B
1760000091500143236,21403.25,4,S
1760000091691285030,21403.50,3,B
1760000091694561067,21403.50,3,B
1760000091701403548,21403.50,8,S
1760000091817834762,21403.50,10,B
1760000091991748721,21403.50,9,S
1760000092068570150,21403.75,4,B
1760000092278763358,21403.75,5,B
1760000092327767316,21403.75,5,B
1760000092389635717,21403.75,6,B
1760000092462403297,21403.75,2,B
1760000092613240974,21403.75,5,S
1760000092666609348,21403.75,5,S
1760000092676060161,21403.75,7,B
1760000092808209123,21403.50,9,S
1760000092964783095,21403.50,8,S
1760000093012684628,21403.50,3,S
1760000093215801999,21403.50,6,B
1760000093252838581,21403.25,3,S
1760000093253192497,21403.00,7,S
1760000093331609409,21403.00,7,B
1760000093384398342,21403.00,6,B
1760000093416987000,21403.25,6,B
1760000093459914611,21403.50,9,B
1760000093495359717,21403.75,7,B
1760000093603512999,21403.75,6,S
1760000093942518757,21403.75,5,B
1760000094170337060,21403.75,5,S
1760000094204985863,21403.75,6,B
1760000094324002551,21403.50,5,S
1760000094390102111,21403.25,7,S
1760000094420166691,21403.25,6,S
1760000094502865259,21403.00,6,S
1760000094626166660,21402.75,4,S
1760000094724372526,21402.75,4,S
1760000094764987900,21402.75,6,S
1760000094787450758,21402.75,3,B
1760000094799536169,21402.75,9,B
1760000095121706214,21402.75,7,S
1760000095281286535,21402.75,8,S
1760000095507554345,21402.50,7,S
1760000095590782085,21402.50,2,S
1760000095676914445,21402.25,4,S
1760000095860635633,21402.25,6,B
1760000095945261190,21402.25,8,S
1760000095948475110,21402.25,4,B
1760000096008606018,21402.50,2,B
1760000096253198284,21402.75,8,B
1760000096269931070,21402.75,4,S
1760000096416673442,21402.75,10,B
1760000096908940612,21402.75,1,B
1760000096946189302,21402.75,3,B
1760000097009089408,21402.75,7,S
1760000097110935834,21403.00,5,B
1760000097186923483,21403.25,1,B
1760000097504644233,21403.00,7,S
1760000097584354137,21403.00,2,S
1760000097621660352,21403.00,2,S
1760000097624602480,21403.25,5,B
1760000097746571242,21403.25,8,S
1760000097790518578,21403.25,4,S
1760000097874402787,21403.25,4,B
1760000097935206981,21403.50,3,B
1760000098132604404,21403.50,5,S
1760000098252873308,21403.50,1,S
1760000098317372718,21403.50,4,B
1760000098463449303,21403.50,3,B
1760000098544676133,21403.50,7,B
1760000098633966752,21403.50,3,B
1760000098657316215,21403.50,8,S
1760000098812116058,21403.25,8,S
1760000098824256338,21403.25,4,S
1760000098843635932,21403.25,6,B
1760000098911816140,21403.00,6,S
1760000099145384842,21403.25,7,B
1760000099194811632,21403.00,5,S
1760000099279272941,21403.00,3,S
1760000099366674396,21403.00,4,S
1760000099373118709,21403.00,3,B
1760000099570625305,21402.75,8,S
1760000099668765395,21403.00,5,B
1760000099683739472,21403.00,6,S
1760000099700494664,21403.25,2,B
1760000099828270677,21403.25,2,S
1760000099843030263,21403.25,8,S
1760000099862850650,21403.25,7,S
1760000099906748791,21403.25,7,S
1760000099976409870,21403.25,3,B
1760000100359147957,21403.25,2,B
1760000100490150005,21403.25,6,S
1760000100562913423,21403.25,6,B
1760000100663340317,21403.25,3,S
1760000100739919258,21403.25,6,S
1760000100783446949,21403.00,2,S
1760000100902208076,21402.75,8,S
1760000100920730161,21402.75,5,B
1760000100954531696,21402.50,6,S
1760000100987517185,21402.25,5,S
1760000101006707579,21402.25,8,B
1760000101033651971,21402.25,3,B
1760000101447617494,21402.25,7,S
1760000101474791469,21402.25,6,B
1760000101607353215,21402.00,5,S
1760000101658226797,21402.00,6,B
1760000101705998253,21402.00,3,B
1760000101968033133,21402.00,10,S
1760000102280096374,21402.00,10,B
1760000102475539985,21402.25,3,B
1760000102581770899,21402.25,6,S
1760000102655157885,21402.25,7,S
1760000102656221319,21402.25,6,B
1760000102680992653,21402.50,5,B
1760000102690637277,21402.50,6,S
1760000103007159736,21402.50,9,B
1760000103151491834,21402.75,4,B
1760000103186386412,21402.50,6,S
1760000103333075758,21402.25,3,S
1760000103483181632,21402.25,3,B
1760000103794646050,21402.25,8,S
1760000103814301345,21402.00,5,S
1760000103909484404,21402.25,5,B
1760000104039512642,21402.00,5,S
1760000104145316891,21402.25,6,B
1760000104230798892,21402.25,7,S
1760000104288079220,21402.25,4,S
1760000104596328889,21402.25,9,S
1760000104869730615,21402.25,3,B
1760000104946222069,21402.00,6,S
1760000105050575569,21402.25,4,B
1760000105150167708,21402.50,9,B
1760000105171173722,21402.25,4,S
1760000105328551446,21402.25,4,S
1760000105332326065,21402.50,8,B
1760000105613816899,21402.50,6,S
1760000105872598333,21402.50,5,S
1760000105900395610,21402.25,3,S
1760000106072286978,21402.00,1,S
1760000106141032022,21401.75,5,S
1760000106182181816,21402.00,9,B
1760000106196954052,21402.00,5,S
1760000106216003255,21401.75,7,S
1760000106234036345,21401.75,2,B
1760000106390603473,21401.75,1,B
1760000106391328495,21401.75,7,S
1760000106445151988,21401.50,7,S
1760000106505011923,21401.75,5,B
1760000106524857074,21401.75,6,S
1760000106525315126,21402.00,5,B
1760000106621789968,21402.00,4,S
1760000106627242876,21402.25,7,B
1760000106646640657,21402.00,6,S
1760000106687331467,21402.00,1,S
1760000106822199301,21402.00,1,S
1760000107047654227,21402.00,6,S
1760000107069812629,21402.00,2,S
1760000107203657519,21402.00,2,S
1760000107267332363,21402.00,5,B
1760000107316325296,21402.00,5,B
1760000107338916396,21402.25,7,B
1760000107393083346,21402.00,7,S
1760000107410137048,21402.00,6,S
1760000107419181429,21402.00,6,S
1760000107483329734,21402.00,4,B
1760000107540289808,21402.00,6,B
1760000107768815217,21402.00,5,S
1760000107824275144,21402.00,4,B
1760000107892651290,21402.00,3,S
1760000107937031198,21402.00,4,B
1760000108047605647,21402.00,7,S
1760000108195374274,21402.00,8,S
1760000108257791586,21402.00,7,B
1760000108261117711,21402.25,9,B
1760000108346738306,21402.25,5,S
1760000108637368111,21402.25,4,S
1760000108682874231,21402.25,5,B
1760000108806433354,21402.25,6,B
1760000108818487276,21402.25,7,S
1760000108961568721,21402.25,10,B
1760000109016547740,21402.25,4,S
1760000109140274949,21402.25,6,S
1760000109237284000,21402.25,2,S
1760000109459756828,21402.00,4,S
1760000109777377994,21402.25,3,B
1760000109850918273,21402.00,6,S
1760000109915145605,21402.25,2,B
1760000110095294784,21402.25,7,S
1760000110201936549,21402.25,8,S
1760000110263186786,21402.25,4,S
1760000110418903456,21402.25,4,B
1760000110452364339,21402.25,7,S
1760000110529004254,21402.25,3,S
1760000110556172703,21402.25,5,B
1760000110586338255,21402.25,4,B
1760000110633005563,21402.00,3,S
1760000110886122375,21402.00,4,B
1760000110886552731,21402.00,8,S
1760000111008783843,21402.00,10,S
1760000111024693203,21402.00,6,S
1760000111141536712,21402.00,3,B
1760000111192891298,21402.00,3,S
1760000111198551893,21402.00,4,B
1760000111200832569,21402.00,5,S
1760000111250990026,21401.75,6,S
1760000111267000557,21401.75,3,S
1760000111300498943,21401.50,9,S
1760000111791088179,21401.25,9,S
1760000112017837803,21401.50,8,B
1760000112449374445,21401.50,4,B
1760000112450038532,21401.50,6,B
1760000112472260126,21401.25,4,S
1760000112645307310,21401.25,2,S
1760000112801954515,21401.25,4,B
1760000112908032126,21401.25,2,S
1760000112920742157,21401.25,5,B
1760000113057613371,21401.25,9,S
1760000113228142633,21401.25,3,B
1760000113245917504,21401.00,2,S
1760000113277755052,21401.00,3,S
1760000113311983832,21401.00,2,S
1760000113403304005,21401.00,8,B
1760000113564186419,21401.00,4,B
1760000113565484576,21401.00,7,S
1760000113607083570,21401.25,6,B
1760000113702127378,21401.25,10,S
1760000113782225750,21401.00,2,S
1760000113847525792,21401.00,8,B
1760000113921575064,21401.00,2,B
1760000113935353619,21401.00,4,S
1760000113958905729,21400.75,4,S
1760000114100512670,21401.00,9,B
1760000114106622075,21401.00,1,B
1760000114359317604,21401.00,7,B
1760000114402632124,21401.00,5,S
1760000114420133835,21401.00,6,S
1760000114504585592,21401.25,4,B
1760000114523432449,21401.00,2,S
1760000114776603572,21400.75,2,S
1760000114956628405,21400.75,6,S
1760000115008982006,21400.75,6,S
1760000115130968825,21400.50,6,S
1760000115143267273,21400.50,5,B
1760000115223992049,21400.50,2,B
1760000115449138145,21400.75,9,B
1760000115460250508,21400.75,1,B
1760000115475725143,21400.75,2,B
1760000115520935227,21401.00,4,B
1760000115547445080,21401.00,7,S
1760000115688628020,21401.00,6,S
1760000115798492352,21400.75,4,S
1760000115811524870,21400.50,2,S
1760000115822016864,21400.50,8,S
1760000115935711965,21400.50,1,B
1760000116043911263,21400.25,7,S
1760000116114189560,21400.25,9,S
1760000116115972398,21400.00,6,S
1760000116307619187,21399.75,6,S
1760000116415327076,21399.75,8,B
1760000116464606083,21399.75,9,S
1760000116545301275,21399.50,4,S
1760000116575871079,21399.50,5,S
1760000116614508350,21399.50,5,S
1760000116759407923,21399.50,6,S
1760000117241560639,21399.75,7,B
1760000117250437393,21399.75,3,S
1760000117269043757,21399.75,8,S
1760000117300052735,21399.75,6,S
1760000117384531995,21399.75,4,S
1760000117453195120,21399.75,6,S
1760000117488794195,21399.75,5,S
1760000117512884236,21400.00,8,B
1760000117676156436,21400.00,7,S
1760000117708089526,21400.00,5,S
1760000117750755820,21399.75,7,S
1760000117773079799,21399.75,9,S
1760000117917236076,21399.75,8,S
1760000117941182783,21399.75,6,S
1760000118217903786,21399.75,10,S
1760000118316456740,21399.75,3,S
1760000118332764255,21399.75,6,S
1760000118355524358,21399.75,4,S
1760000118471633221,21400.00,6,B
1760000118538066330,21400.00,2,S
1760000118555425328,21400.00,7,S
1760000118746832289,21400.00,1,S
1760000118943146875,21400.00,6,S
1760000119054521115,21400.00,3,S
1760000119066391853,21400.00,7,S
1760000119134999299,21400.00,5,B
1760000119313577535,21400.00,3,S
1760000119324873580,21400.25,6,B
1760000119523578001,21400.00,8,S
1760000119587985921,21400.25,4,B
1760000119652463876,21400.25,6,S
1760000119761000942,21400.25,4,S
1760000119841459758,21400.25,5,S
1760000120043164993,21400.25,6,S
1760000120078959447,21400.25,5,B
1760000120178750940,21400.25,4,S
1760000120210776498,21400.25,8,S
1760000120265657981,21400.00,7,S
1760000120295899668,21400.00,6,S
1760000120414712928,21400.00,7,S
1760000120473304665,21400.00,5,B
1760000120485051147,21400.00,6,B
1760000120600808866,21400.00,4,S
1760000120717113347,21400.00,2,S
1760000120770641646,21400.00,2,S
1760000121066503056,21400.00,2,S
1760000121431960799,21400.00,8,B
1760000121462092633,21400.00,5,B
1760000121463514180,21400.00,4,S
1760000121488936840,21400.00,5,B
1760000121626153515,21400.25,8,B
1760000121739222234,21400.25,2,B
1760000121773498447,21400.25,4,S
1760000121774535834,21400.25,9,B
1760000121798389180,21400.00,5,S
1760000121803741138,21400.00,7,S
1760000122083958448,21399.75,7,S
1760000122180626859,21399.75,4,B
1760000122525009618,21399.75,6,B
1760000122539156705,21399.75,4,B
1760000122551581828,21399.75,6,S
1760000122584839384,21399.75,7,S
1760000122622382985,21399.75,6,S
1760000122814138156,21399.75,2,S
1760000122830227923,21399.75,4,B
1760000123364178186,21399.50,8,S
1760000123446470640,21399.25,3,S
1760000123469252802,21399.25,7,B
1760000123552091638,21399.00,6,S
1760000123605948839,21399.00,3,B
1760000123608579353,21399.00,3,B
1760000123625276409,21399.00,7,B
1760000123724258496,21399.25,8,B
1760000123763550233,21399.25,6,S
1760000123787295637,21399.50,5,B
1760000124090743340,21399.50,3,B
1760000124426125047,21399.25,6,S
1760000124530301373,21399.00,6,S
1760000124691796895,21399.00,8,S
1760000124701901822,21399.25,7,B
1760000124766612127,21399.25,6,S
1760000124823546964,21399.00,6,S
1760000124936384045,21399.00,5,S
1760000124970732143,21399.00,6,S
1760000124986820234,21399.00,7,S
1760000124991710720,21399.25,5,B
1760000125047034206,21399.00,7,S
1760000125055564896,21398.75,5,S
1760000125209825611,21398.75,7,B
1760000125338595365,21398.75,5,S
1760000125678874110,21398.75,7,B
1760000125884146901,21398.75,4,B
1760000125896553479,21398.75,10,S
1760000125963247343,21398.75,8,S
1760000126075272766,21399.00,2,B
1760000126087141267,21399.00,2,B
1760000126152748990,21399.00,6,S
1760000126161751697,21398.75,4,S
1760000126174133435,21398.75,4,B
1760000126262135649,21398.75,4,B
1760000126302759699,21398.75,9,B
1760000126389191517,21398.75,4,S
1760000126440220823,21398.75,5,S
1760000126565498735,21398.75,7,S
1760000126572060440,21398.75,6,B
1760000126691632614,21399.00,5,B
1760000126733768802,21399.00,10,S
1760000126840759081,21399.25,7,B
1760000127019783591,21399.25,6,S
1760000127043003105,21399.00,5,S
1760000127062033370,21399.00,6,S
1760000127088784577,21399.00,5,S
1760000127132952457,21398.75,3,S
1760000127189273262,21398.50,5,S
1760000127219089899,21398.50,4,B
1760000127411100207,21398.50,6,S
1760000127416273972,21398.50,5,S
1760000127510346621,21398.25,5,S
1760000127581133265,21398.25,8,B
1760000127639386538,21398.25,2,B
1760000127743541602,21398.25,4,S
1760000127771687227,21398.25,6,S
1760000127780595911,21398.25,6,B
1760000127835366003,21398.25,7,B
1760000128063708248,21398.25,5,S
1760000128210741894,21398.25,1,S
1760000128252036743,21398.25,6,B
1760000128507808818,21398.25,7,B
1760000128562161831,21398.25,5,S
1760000128562955194,21398.25,7,B
1760000128614696266,21398.25,9,S
1760000128657046540,21398.25,4,S
1760000128665851105,21398.25,9,S
1760000128699248542,21398.25,7,B
1760000128840736991,21398.25,4,S
1760000128970385738,21398.00,3,S
1760000129000463342,21398.00,6,S
1760000129085428304,21398.00,7,B
1760000129536415022,21398.00,6,S
1760000129579545194,21398.00,10,B
1760000129594624169,21398.00,4,B
1760000129655194518,21398.00,4,B
1760000129664872992,21398.25,8,B
1760000129753604323,21398.25,7,S
1760000129822684777,21398.25,5,S
1760000129838273718,21398.25,7,B
1760000129910260929,21398.00,6,S
1760000129956358509,21398.00,4,S
1760000129969240353,21398.00,5,B
1760000130004051708,21398.25,8,B
1760000130009039144,21398.25,4,B
1760000130022087367,21398.25,7,B
1760000130107198334,21398.25,6,S
1760000130250726306,21398.25,9,S
1760000130310341919,21398.25,7,S
1760000130336845600,21398.25,9,B
1760000130369332101,21398.25,7,B
1760000130472940840,21398.00,9,S
1760000130558945015,21398.00,1,B
1760000130666313888,21398.00,4,S
1760000130694455621,21398.00,7,S
1760000130745838278,21398.00,3,B
1760000130803288938,21398.25,1,B
1760000130881329366,21398.50,2,B
1760000130917972205,21398.50,6,S
1760000130924000488,21398.50,6,B
1760000130953832237,21398.75,9,B
1760000130980815290,21398.75,3,S
1760000130987070085,21398.75,2,S
1760000131018426122,21398.75,6,S
1760000131123852437,21398.75,6,S
1760000131276583677,21398.75,3,B
1760000131353702254,21398.50,8,S
1760000131387845631,21398.25,6,S
1760000131478943058,21398.25,9,B
1760000131511975755,21398.25,3,B
1760000131521375521,21398.25,5,S
1760000131615650623,21398.25,8,S
1760000131645945158,21398.25,4,B
1760000131707526620,21398.00,7,S
1760000131962962302,21398.25,10,B
1760000132084465568,21398.25,5,S
1760000132087609220,21398.25,8,S
1760000132131920582,21398.25,1,B
1760000132194039061,21398.50,8,B
1760000132448375752,21398.75,10,B
1760000132484498357,21398.75,6,S
1760000132719369209,21398.50,7,S
1760000132769801587,21398.50,10,S
1760000132884492679,21398.25,7,S
1760000132891218830,21398.25,4,B
1760000133079387584,21398.25,9,B
1760000133108546028,21398.25,3,S
1760000133165205970,21398.00,8,S
1760000133233639525,21397.75,8,S
1760000133293216439,21398.00,5,B
1760000133458072216,21398.00,3,S
1760000133476042504,21398.00,1,B
1760000133541428694,21398.00,4,S
1760000133552839747,21398.00,3,B
1760000133626168989,21398.00,6,S
1760000133685310428,21398.00,4,B
1760000133722893210,21398.00,4,B
1760000133758771079,21397.75,5,S
1760000133764132588,21397.75,10,S
1760000133861951371,21397.75,8,S
1760000133958507493,21397.75,7,S
1760000133979886402,21397.75,5,B
1760000134135673669,21397.50,7,S
1760000134264635104,21397.25,1,S
1760000134278295086,21397.25,9,S
1760000134427681112,21397.25,5,B
1760000134473699116,21397.00,9,S
1760000134669387676,21396.75,7,S
1760000134908529546,21396.75,8,S
1760000135026429550,21396.75,7,S
1760000135062044429,21396.75,5,S
1760000135314559301,21396.75,8,S
1760000135338529606,21396.75,5,S
1760000135389664277,21396.50,1,S
1760000135433963323,21396.50,3,S
1760000135804096086,21396.75,4,B
1760000135930978041,21397.00,3,B
1760000135933099768,21397.00,3,S
1760000136208165435,21397.00,9,S
1760000136421587987,21396.75,3,S
1760000136580012831,21396.75,2,S
1760000136724017109,21396.75,4,S
1760000136763719286,21396.75,8,S
1760000136787195057,21396.75,5,B
1760000136805519281,21396.75,8,S
1760000136825242318,21396.75,9,S
1760000137137036585,21396.75,2,S
1760000137161822007,21396.75,5,B
1760000137198350200,21396.75,5,S
1760000137212775387,21396.75,4,B
1760000137300473309,21396.75,6,S
1760000137463695084,21396.75,5,B
1760000137490325036,21396.75,9,B
1760000137593510460,21396.75,1,S
1760000137600912654,21396.75,8,B
1760000137769958353,21396.50,6,S
1760000138414052642,21396.25,5,S
1760000138586823481,21396.25,8,S
1760000138728625135,21396.25,5,S
1760000138754363225,21396.25,9,S
1760000138908529306,21396.25,4,S
1760000138964529663,21396.25,7,S
1760000139156223930,21396.25,4,S
1760000139322508530,21396.25,7,S
1760000139438269249,21396.25,5,S
1760000139592147537,21396.00,7,S
1760000139691529344,21396.00,5,S
1760000139698112266,21396.00,7,S
1760000140024966537,21396.00,2,B
1760000140200109798,21395.75,2,S
1760000140442410433,21395.75,4,B
1760000140488400282,21395.75,7,B
1760000140505483321,21395.50,3,S
1760000140709851439,21395.50,5,B
1760000140802412202,21395.50,4,S
1760000140803159317,21395.75,8,B
1760000140967959435,21395.75,5,S
1760000141101630158,21395.75,6,B
1760000141222133008,21395.75,5,S
1760000141250785925,21395.75,7,S
1760000141492510459,21395.75,3,S
1760000141524500175,21395.50,6,S
1760000141654159346,21395.50,3,S
1760000141662121437,21395.50,6,B
1760000141722075461,21395.25,7,S
1760000141764182747,21395.00,1,S
1760000141793031752,21395.00,4,S
1760000141801647323,21395.00,5,S
1760000141865283890,21395.00,4,S
1760000141878540092,21394.75,6,S
1760000141910457678,21394.75,6,S
1760000141968807731,21394.75,10,B
1760000142077438544,21394.75,5,S
1760000142082427414,21394.50,4,S
1760000142321849640,21394.75,7,B
1760000142432398062,21394.75,7,B
1760000142450675899,21394.75,6,B
1760000142473884152,21394.75,2,S
1760000142497936014,21394.75,5,S
1760000142559328206,21394.75,7,B
1760000142563821557,21394.75,6,S
1760000142640647761,21394.75,4,S
1760000142960150763,21394.75,4,S
1760000142979428088,21394.75,4,S
1760000143020240736,21394.75,6,S
1760000143108785019,21394.50,5,S
1760000143145724661,21394.25,6,S
1760000143180909712,21394.50,2,B
1760000143437837465,21394.50,5,S
1760000143541008205,21394.50,9,S
1760000143708518200,21394.50,6,S
1760000143714077292,21394.50,6,S
1760000143920202713,21394.25,4,S
1760000144227380257,21394.25,3,B
1760000144237004852,21394.00,4,S
1760000144366099309,21394.00,5,B
1760000144385510651,21394.00,6,S
1760000144393850548,21394.00,5,S
1760000144452078427,21394.00,4,S
1760000144595597186,21393.75,7,S
1760000144672642714,21393.75,6,S
1760000144755228800,21393.75,5,S
1760000144772038062,21393.75,7,S
1760000145031990479,21393.75,6,S
1760000145099236957,21393.50,4,S
1760000145368252424,21393.50,8,B
1760000145411112291,21393.25,7,S
1760000145544165795,21393.50,8,B
1760000145666773648,21393.50,4,B
1760000145695197755,21393.50,2,S
1760000145707610263,21393.50,5,S
1760000145948348338,21393.25,6,S
1760000146066060915,21393.25,9,S
1760000146269636274,21393.25,4,B
1760000146300973375,21393.00,5,S
1760000146301131358,21393.00,8,B
1760000146407413756,21393.00,5,B
1760000146427501135,21393.00,3,S
1760000146449933166,21393.00,7,B
1760000146548507264,21393.00,2,S
1760000146583197491,21393.00,7,B
1760000146694917262,21393.25,6,B
1760000146782251271,21393.00,9,S
1760000147215741476,21393.00,6,S
1760000147308469453,21393.00,4,B
1760000147417855300,21393.25,5,B
1760000147581984391,21393.25,2,S
1760000147674091901,21393.00,4,S
1760000147734224952,21393.00,6,S
1760000148050161058,21392.75,3,S
1760000148399484354,21392.75,5,B
1760000148442306660,21392.75,9,S
1760000148636867680,21393.00,6,B
1760000148845803945,21393.00,2,S
1760000148914704534,21393.00,5,S
1760000149141434608,21393.00,6,S
1760000149169320850,21392.75,2,S
1760000149433833287,21392.75,4,B
1760000149560835639,21392.75,10,S
1760000149690084865,21392.75,6,B
1760000149835472568,21392.75,9,S
1760000149938223350,21392.75,3,S
1760000149968211495,21392.75,7,B
1760000150252955959,21392.50,6,S
1760000150338974612,21392.50,6,S
1760000150486500680,21392.50,6,S
1760000150595488567,21392.50,4,B
1760000150764850965,21392.75,5,B
1760000150856847065,21392.75,7,S
1760000150893792900,21392.50,8,S
1760000150993509653,21392.25,4,S
1760000151169468718,21392.25,7,B
1760000151302545441,21392.25,8,S
1760000151546015902,21392.50,6,B
1760000151600909759,21392.75,5,B
1760000151720106382,21392.75,4,B
1760000151734136170,21392.75,6,S
1760000151840451222,21392.75,6,S
1760000152067965811,21392.75,8,B
1760000152261858180,21392.75,5,B
1760000152562230904,21392.50,5,S
1760000152852388083,21392.50,7,B
1760000152909272661,21392.75,7,B
1760000152945325126,21392.50,9,S
1760000153418216774,21392.50,6,S
1760000153518274679,21392.25,1,S
1760000153531291421,21392.25,8,B
1760000153563274050,21392.25,5,S
1760000153629476017,21392.00,6,S
1760000153869034388,21391.75,4,S
1760000153950241011,21391.75,9,S
1760000154075329678,21391.50,7,S
1760000154303218780,21391.50,3,B
1760000154307211766,21391.50,5,S
1760000154336885459,21391.75,6,B
1760000154391885657,21391.50,3,S
1760000154684161009,21391.50,8,S
1760000154802938642,21391.50,7,S
1760000154880203035,21391.25,3,S
1760000154915829000,21391.25,9,S
1760000154940168724,21391.00,5,S
1760000154988260188,21391.00,3,S
1760000155101123741,21391.00,8,B
1760000155220460972,21391.00,9,B
1760000155238378791,21391.00,6,S
1760000155246448248,21391.25,8,B
1760000155253271781,21391.50,4,B
1760000155254263011,21391.50,4,S
1760000155406926123,21391.50,4,S
1760000155482207375,21391.50,7,S
1760000155575720828,21391.50,8,S
1760000155688982798,21391.50,7,S
1760000155778707649,21391.50,5,S
1760000155862538998,21391.50,8,B
1760000156012834474,21391.50,6,S
1760000156082596039,21391.50,4,B
1760000156183556024,21391.50,1,S
1760000156314471962,21391.25,1,S
1760000156450499331,21391.25,9,S
1760000156521565776,21391.25,10,S
1760000157140773451,21391.25,6,S
1760000157196108308,21391.25,10,S
1760000157290062609,21391.25,6,S
1760000157309277279,21391.00,3,S
1760000157364220459,21391.00,6,B
1760000157554451838,21390.75,6,S
1760000157585206416,21390.75,5,S
1760000157859182773,21390.75,3,S
1760000157859773626,21390.75,5,B
1760000157903551641,21390.75,5,B
1760000157975771884,21390.50,4,S
1760000158039391625,21390.50,6,S
1760000158206280620,21390.25,8,S
1760000158263189701,21390.25,2,B
1760000158284208371,21390.25,7,S
1760000158306396796,21390.25,3,S
1760000158361058541,21390.25,8,S
1760000158490519272,21390.25,2,S
1760000158806765501,21390.50,2,B
1760000158920182294,21390.50,4,B
1760000158985612066,21390.50,6,S
1760000159014309204,21390.50,7,S
1760000159186128186,21390.50,9,S
1760000159206118294,21390.50,3,S
1760000159218954053,21390.75,5,B
1760000159241223855,21390.75,7,S
1760000159361674104,21390.50,9,S
1760000159366977848,21390.50,8,B
1760000159421119082,21390.75,4,B
1760000159454710697,21390.75,5,B
1760000159483781100,21390.75,6,B
1760000159524009877,21390.75,9,S
1760000159616824401,21390.50,2,S
1760000159716130410,21390.25,3,S
1760000159838093233,21390.25,5,S
1760000159914355298,21390.50,8,B
1760000160038697071,21390.50,5,S
1760000160098205192,21390.50,4,S
1760000160152506361,21390.50,4,B
1760000160157157387,21390.50,7,S
1760000160325645491,21390.25,8,S
1760000160374120745,21390.25,4,S
1760000160394462968,21390.25,8,S
1760000160464544169,21390.00,4,S
1760000160587731583,21390.25,6,B
1760000160603764831,21390.25,3,S
1760000160706602525,21390.00,8,S
1760000160799529874,21390.25,7,B
1760000160927571925,21390.50,3,B
1760000160952325744,21390.25,5,S
1760000161059420863,21390.25,9,S
1760000161089173254,21390.25,5,S
1760000161114101352,21390.25,5,S
1760000161140461864,21390.25,4,S
1760000161208972063,21390.25,7,B
1760000161242106797,21390.25,9,B
1760000161335710763,21390.25,4,B
1760000161464557471,21390.25,5,B
1760000161475063521,21390.25,2,B
1760000161503611032,21390.50,5,B
1760000161660825454,21390.50,2,S
1760000161675818260,21390.50,4,S
1760000161716128499,21390.50,1,S
1760000161890382526,21390.75,8,B
1760000161905678419,21391.00,4,B
1760000162160387588,21391.00,4,S
1760000162178967435,21391.00,7,S
1760000162191563558,21391.00,5,S
1760000162207945297,21391.00,7,B
1760000162378080085,21391.25,9,B
1760000162424142857,21391.25,7,S
1760000162439994270,21391.25,4,B
1760000162452003795,21391.25,3,B
1760000162597905534,21391.25,9,B
1760000162958539179,21391.25,5,B
1760000163012781066,21391.25,9,S
1760000163185044078,21391.25,7,B
1760000163194173428,21391.50,3,B
1760000163275902725,21391.50,4,B
1760000163337593289,21391.50,5,S
1760000163361258904,21391.50,5,B
1760000163493340103,21391.50,6,S
1760000163504546154,21391.25,4,S
1760000163519777100,21391.50,5,B
1760000163664771981,21391.50,7,S
1760000163792986110,21391.50,3,B
1760000163804781916,21391.25,2,S
1760000163855264729,21391.25,8,B
1760000163979538437,21391.50,4,B
1760000164341184379,21391.50,7,S
1760000164364992872,21391.50,9,B
1760000164549327410,21391.50,8,S
1760000164652019151,21391.50,4,S
1760000164663493018,21391.50,3,B
1760000164690874869,21391.75,4,B
1760000164771102209,21391.50,3,S
1760000165146874358,21391.25,3,S
1760000165434242003,21391.25,6,B
1760000165503599948,21391.50,3,B
1760000165555904372,21391.25,2,S
1760000165644377646,21391.00,7,S
1760000165706573148,21390.75,3,S
1760000165871326612,21390.75,10,B
1760000165965164636,21390.75,5,S
1760000166006567913,21390.75,5,S
1760000166029990972,21390.50,6,S
1760000166128820584,21390.50,5,B
1760000166197917991,21390.25,4,S
1760000166204977604,21390.25,6,B
1760000166632876313,21390.25,9,S
1760000166890790274,21390.25,6,S
1760000166943389824,21390.25,6,S
1760000167015232067,21390.25,6,B
1760000167225121927,21390.00,6,S
1760000167381468355,21390.25,5,B
1760000167465896467,21390.00,9,S
1760000167475713237,21390.00,2,S
1760000167607307312,21390.00,5,S
1760000167658643608,21389.75,4,S
1760000167691268584,21390.00,5,B
1760000167793493833,21390.00,6,S
1760000168177747370,21390.25,6,B
1760000168232724868,21390.50,3,B
1760000168439694498,21390.50,7,S
1760000168663255755,21390.50,4,S
1760000168685395926,21390.50,10,S
1760000168838577613,21390.50,5,S
1760000168991396764,21390.25,9,S
1760000169007017388,21390.25,3,S
1760000169023328862,21390.00,3,S
1760000169180358669,21390.00,7,S
1760000169240020381,21389.75,7,S
1760000169626496110,21389.75,4,B
1760000169930939805,21389.75,3,S
1760000170099022107,21389.75,9,S
1760000170794734453,21389.75,8,S
1760000170868793941,21389.75,6,B
1760000170959154053,21389.75,9,S
1760000170992456642,21389.75,1,S
1760000171097331651,21389.75,9,S
1760000171236654187,21389.75,6,S
1760000171270889763,21389.50,8,S
1760000171318867662,21389.50,7,B
1760000171557457342,21389.50,4,S
1760000171838161794,21389.50,6,B
1760000171950033339,21389.50,1,B
1760000171952693081,21389.50,5,S
1760000171971375540,21389.50,8,S
1760000171992776629,21389.50,7,S
1760000172042273776,21389.50,7,S
1760000172059524008,21389.75,8,B
1760000172244694529,21389.50,6,S
1760000172541701574,21389.50,6,S
1760000172544522834,21389.50,5,S
1760000172592715048,21389.50,4,S
1760000172620122146,21389.25,6,S
1760000172749699024,21389.50,2,B
1760000172848434208,21389.50,1,S
1760000172909891420,21389.50,1,B
1760000172978061722,21389.50,4,S
1760000173045599710,21389.25,7,S
1760000173266067105,21389.25,3,S
1760000173301556898,21389.25,3,S
1760000173808907663,21389.25,5,S
1760000173826151313,21389.50,5,B
1760000173897843003,21389.50,2,B
1760000173900837146,21389.25,6,S
1760000173923056239,21389.25,6,B
1760000174059781699,21389.00,3,S
1760000174175955267,21388.75,4,S
1760000174263577751,21388.75,7,S
1760000174478014023,21388.75,7,S
1760000174489393523,21388.75,4,S
1760000174507695590,21388.75,8,B
1760000174542435054,21388.75,1,S
1760000174562268471,21388.75,4,B
1760000174569809851,21388.50,8,S
1760000174570905939,21388.50,4,B
1760000174653377551,21388.25,8,S
1760000174747002504,21388.25,5,S
1760000174970181641,21388.25,2,B
1760000175132497397,21388.25,4,S
1760000175145746897,21388.25,3,S
1760000175248935747,21388.25,6,S
1760000175262983643,21388.25,8,S
1760000175264624257,21388.25,9,S
1760000175300434464,21388.25,8,B
1760000175305256138,21388.25,9,B
1760000175646844187,21388.00,1,S
1760000175661779425,21388.00,5,S
1760000175680435453,21388.00,6,B
1760000175882942057,21388.00,1,B
1760000176176962091,21388.00,8,S
1760000176195635856,21388.00,4,B
1760000176393609885,21388.00,9,S
1760000176406663281,21388.00,6,S
1760000176445511008,21388.25,3,B
1760000176527272185,21388.25,7,S
1760000176535395005,21388.50,5,B
1760000176602268871,21388.50,9,B
1760000176797785340,21388.25,5,S
1760000177043271902,21388.25,8,B
1760000177115316349,21388.50,7,B
1760000177219837615,21388.50,2,B
1760000177221510321,21388.50,5,S
1760000177234103634,21388.50,3,S
1760000177284675503,21388.50,6,S
1760000177332886773,21388.25,5,S
1760000177352323568,21388.00,6,S
1760000177380951107,21388.25,5,B
1760000177411900019,21388.25,7,B
1760000177461803794,21388.25,6,B
1760000177484833877,21388.25,1,B
1760000177505300266,21388.25,8,S
1760000177532562469,21388.25,2,B
1760000177642233293,21388.00,3,S
1760000177660953652,21388.00,4,B
1760000177867482697,21387.75,5,S
1760000177981440583,21387.75,1,S
1760000178017767716,21387.75,7,S
1760000178047519345,21387.75,7,B
1760000178196474519,21387.75,8,S
1760000178208438616,21387.75,7,B
1760000178721499892,21388.00,10,B
1760000178840508883,21388.00,9,B
1760000178851930137,21388.00,8,B
1760000179288795114,21388.00,6,S
1760000179377747298,21387.75,2,S
1760000179464382381,21387.75,7,B
1760000179498407513,21387.75,5,S
1760000179612639817,21387.50,6,S
1760000179619319684,21387.50,4,B
1760000179793885892,21387.50,1,B
1760000179822845411,21387.75,10,B
1760000180141110150,21387.50,5,S
1760000180229112019,21387.75,6,B
1760000180257710838,21387.75,5,S
1760000180348602337,21387.75,7,B
1760000180363588900,21387.50,3,S
1760000180398876282,21387.50,5,S
1760000180551388594,21387.50,10,S
1760000180676076105,21387.50,7,S
1760000180737932777,21387.25,6,S
1760000180975285889,21387.25,4,S
1760000181072278709,21387.25,5,B
1760000181183168984,21387.25,8,S
1760000181365927157,21387.00,5,S
1760000181538490703,21387.00,1,S
1760000181673380134,21387.25,6,B
1760000181808250755,21387.00,4,S
1760000181907201290,21387.00,2,S
1760000181914151526,21387.00,5,B
1760000181942547904,21387.00,3,S
1760000181994392922,21387.00,7,S
1760000182166814104,21387.00,2,S
1760000182182092654,21386.75,10,S
1760000182302366232,21387.00,8,B
1760000182348148351,21387.00,4,B
1760000182402087404,21387.00,5,S
1760000182438150189,21387.00,8,S
1760000182442506911,21387.00,3,S
1760000182842886129,21387.00,6,B
1760000182885785210,21387.00,8,B
1760000183012799715,21387.00,4,B
1760000183166493274,21387.00,7,B
1760000183494981509,21386.75,10,S
1760000183569516948,21386.75,8,S
1760000183576513065,21386.75,2,B
1760000183685953472,21387.00,2,B
1760000183916006502,21387.00,4,B
1760000183922399215,21387.00,7,S
1760000184022174801,21387.25,6,B
1760000184081869383,21387.00,7,S
1760000184195453776,21387.00,8,B
1760000184360830495,21387.00,2,S
1760000184526908273,21387.00,8,S
1760000184606002102,21387.00,8,S
1760000184627091108,21387.00,7,B
1760000184671172133,21387.00,4,S
1760000184755372224,21387.00,1,B
1760000184824429722,21387.00,5,B
1760000184873929282,21387.00,4,B
1760000184881701345,21387.00,8,S
1760000184887532946,21386.75,6,S
1760000184993442878,21386.75,2,B
1760000185016287802,21386.75,2,S
1760000185084321780,21386.75,3,S
1760000185480948807,21386.75,5,S
1760000185699445578,21386.50,8,S
1760000185724966427,21386.50,2,B
1760000185992689241,21386.50,9,B
1760000186107762487,21386.50,7,B
1760000186226651379,21386.50,7,B
1760000186270005296,21386.50,3,B
1760000186279655374,21386.50,9,S
1760000186284341448,21386.50,2,S
1760000186292311990,21386.50,4,B
1760000186306205587,21386.50,1,B
1760000186335000312,21386.50,5,S
1760000186459874270,21386.50,8,S
1760000186487872886,21386.25,6,S
1760000186610121083,21386.00,3,S
1760000186794274066,21385.75,2,S
1760000187175535738,21385.75,4,S
1760000187177687693,21385.75,1,S
1760000187210412135,21385.75,7,S
1760000187269114384,21385.75,3,S
1760000187347104607,21386.00,7,B
1760000187603109036,21386.00,8,S
1760000187779858339,21386.00,1,S
1760000187860443838,21386.00,8,B
1760000187915579962,21386.00,4,S
1760000188238232987,21386.00,8,B
1760000188539759634,21386.25,7,B
1760000188580937990,21386.25,5,B
1760000188594211894,21386.25,4,S
1760000188652876190,21386.25,6,B
1760000188705404299,21386.00,9,S
1760000188743095933,21385.75,5,S
1760000188768897765,21385.75,2,B
1760000188781052013,21385.75,5,S
1760000188907409326,21385.75,5,B
1760000188909034275,21385.50,4,S
1760000188920593710,21385.25,2,S
1760000188943414586,21385.00,6,S
1760000188958855597,21385.00,6,B
1760000189186539755,21385.25,3,B
1760000189220911768,21385.25,5,B
1760000189244671475,21385.25,4,S
1760000189292288084,21385.25,5,S
1760000189436093950,21385.25,9,S
1760000190048614955,21385.25,10,S
1760000190061539571,21385.25,8,S
1760000190099656735,21385.25,4,B
1760000190127505627,21385.25,6,S
1760000190155087101,21385.25,3,S
1760000190198471185,21385.25,7,S
1760000190224576927,21385.25,6,S
1760000190374388172,21385.50,5,B
1760000190412053249,21385.50,6,B
1760000190480214690,21385.50,2,B
1760000190534450723,21385.50,9,S
1760000190545097433,21385.75,2,B
1760000190617436856,21385.75,6,S
1760000190631070731,21385.75,7,B
1760000190724913487,21385.75,6,B
1760000190978395105,21385.75,6,S
1760000191120136490,21385.75,9,S
1760000191128887403,21385.75,6,B
1760000191186617257,21385.75,2,S
1760000191221906686,21385.75,6,S
1760000191260885560,21386.00,2,B
1760000191429079529,21386.00,9,B
1760000191466820865,21386.25,5,B
1760000191533497825,21386.00,5,S
1760000191791881087,21385.75,6,S
1760000191974385827,21385.75,9,S
1760000192134826886,21385.75,3,B
1760000192157534632,21385.75,6,S
1760000192407632374,21385.75,4,S
1760000192627346614,21386.00,3,B
1760000192790127722,21385.75,3,S
1760000192807174198,21385.75,6,S
1760000192923629402,21385.50,6,S
1760000193081713184,21385.50,6,S
1760000193180407320,21385.50,7,B
1760000193202182917,21385.50,3,B
1760000193302906462,21385.50,2,B
1760000193359878920,21385.25,7,S
1760000193407729323,21385.25,8,S
1760000193514714597,21385.50,7,B
1760000193674044569,21385.50,6,S
1760000193684196165,21385.25,6,S
1760000193712617808,21385.00,8,S
1760000193724669318,21385.00,8,S
1760000193777772648,21385.25,6,B
1760000193998328118,21385.00,6,S
1760000194047983973,21385.00,3,S
1760000194114440994,21385.00,6,B
1760000194322883971,21385.00,5,S
1760000194417237678,21384.75,4,S
1760000194568847703,21384.75,5,B
1760000194675248961,21385.00,8,B
1760000194871662468,21385.00,5,B
1760000194925002876,21385.00,5,B
1760000194994617909,21384.75,5,S
1760000194997072219,21384.75,9,B
1760000195048280016,21384.75,1,S
1760000195055956269,21384.50,9,S
1760000195307255485,21384.50,5,B
1760000195485320654,21384.50,5,S
1760000195546736814,21384.50,8,B
1760000195593990414,21384.25,8,S
1760000195670176689,21384.50,9,B
1760000195720205685,21384.75,4,B
1760000195867698919,21384.75,6,S
1760000195904893706,21384.75,5,B
1760000195994888589,21384.75,8,B
1760000196123274069,21384.50,8,S
1760000196164503177,21384.50,9,B
1760000196216680761,21384.50,8,S
1760000196254225215,21384.50,8,S
1760000196335150009,21384.50,4,S
1760000196348764345,21384.50,2,B
1760000196370750192,21384.50,8,S
1760000196385816830,21384.50,3,S
1760000196398325917,21384.25,7,S
1760000196618640710,21384.00,7,S
1760000196734166554,21384.00,7,B
1760000196757816936,21384.00,3,B
1760000196832130218,21383.75,1,S
1760000196869503684,21383.75,8,B
1760000196909706058,21383.75,6,B
1760000196952011566,21384.00,6,B
1760000197039831224,21383.75,10,S
1760000197147526355,21384.00,4,B
1760000197167167421,21384.00,6,S
1760000197252888437,21384.00,10,S
1760000197492830800,21384.25,6,B
1760000197508301439,21384.00,1,S
1760000197523032593,21384.00,2,S
1760000197605163639,21384.00,6,B
1760000197642525672,21384.00,7,S
1760000197821864713,21384.00,8,S
1760000197889217505,21384.00,4,S
1760000197891779604,21384.00,8,S
1760000197946957897,21383.75,4,S
1760000198217551808,21383.50,7,S
1760000198239229272,21383.50,5,S
1760000198332566455,21383.75,7,B
1760000198337057551,21383.75,6,S
1760000198599577703,21383.75,5,S
1760000198663718301,21383.50,5,S
1760000198888400361,21383.50,2,B
1760000198942799414,21383.25,5,S
1760000198975300178,21383.25,3,S
1760000199156868636,21383.25,10,S
1760000199445647900,21383.25,7,S
1760000199627489055,21383.25,3,S
1760000199646433973,21383.25,8,B
1760000199665425188,21383.50,3,B
1760000199707197050,21383.50,8,S
1760000199716426339,21383.50,2,B
1760000199871891335,21383.50,6,B
1760000200158778972,21383.50,4,S
1760000200164260004,21383.25,6,S
1760000200202172655,21383.00,5,S
1760000200321759284,21383.00,7,B
1760000200364662222,21383.00,5,S
1760000200413386266,21382.75,6,S
1760000200517234358,21382.75,10,B
1760000200675365591,21382.75,4,B
1760000200738418178,21382.50,5,S
1760000200826805557,21382.50,5,S
1760000200865721246,21382.25,6,S
1760000200906769792,21382.00,5,S
1760000200924532529,21382.00,9,S
1760000201043112568,21382.00,4,S
1760000201171620896,21381.75,6,S
1760000201183033592,21381.50,8,S
1760000201272946489,21381.50,6,B
1760000201575553023,21381.25,3,S
1760000201927298488,21381.25,5,S
1760000201927382845,21381.25,5,B
1760000201935761805,21381.50,7,B
1760000201936257510,21381.75,10,B
1760000201986352845,21381.75,2,B
1760000202035385547,21381.75,6,B
1760000202263684669,21381.75,3,S
1760000202330688169,21381.75,6,S
1760000202350309128,21381.50,8,S
1760000202596333655,21381.25,2,S
1760000202620062004,21381.25,5,S
1760000202668970948,21381.00,5,S
1760000202686828950,21380.75,6,S
1760000202885217711,21380.50,4,S
1760000202970709576,21380.50,7,S
1760000203118270084,21380.75,5,B
1760000203282841428,21380.75,7,S
1760000203294682868,21380.75,9,B
1760000203303022020,21380.50,9,S
1760000203433080952,21380.25,3,S
1760000203446040746,21380.25,6,S
1760000203487208444,21380.25,7,B
1760000203506898559,21380.25,5,B
1760000203551097644,21380.25,3,B
1760000203559876652,21380.25,5,S
1760000203916907305,21380.00,9,S
1760000203978233675,21380.00,4,B
1760000204050107312,21380.00,6,S
1760000204101313216,21380.00,4,S
1760000204437012274,21380.00,7,S
1760000204509175083,21380.00,5,S
1760000204652186771,21380.00,4,S
1760000204721814596,21380.25,4,B
1760000204745024997,21380.25,5,S
1760000204807096715,21380.50,4,B
1760000204813681048,21380.50,8,B
1760000204868285713,21380.50,5,S
1760000204906799447,21380.25,5,S
1760000204982779519,21380.25,5,B
1760000205082579519,21380.25,7,S
1760000205501677874,21380.25,2,B
1760000205599724193,21380.25,7,B
1760000206147608414,21380.25,5,S
1760000206401662547,21380.25,1,B
1760000206452039223,21380.25,8,B
1760000206504551320,21380.25,7,S
1760000206543029886,21380.25,7,S
1760000206619736614,21380.25,7,B
1760000206653463549,21380.25,5,S
1760000206830580618,21380.25,4,S
1760000206917368261,21380.50,3,B
1760000207011453776,21380.25,10,S
1760000207064009684,21380.25,3,B
1760000207066307843,21380.25,8,S
1760000207137915746,21380.25,3,B
1760000207201813638,21380.00,4,S
1760000207208514497,21380.00,5,B
1760000207367848101,21380.00,5,S
1760000207549787143,21380.00,1,B
1760000207687861553,21380.00,8,S
1760000207886034230,21380.00,6,B
1760000208035911816,21380.00,4,S
1760000208101459885,21380.00,3,B
1760000208152447399,21380.00,7,S
1760000208307292749,21380.00,6,S
1760000208325799698,21380.00,5,B
1760000208349382690,21380.00,5,B
1760000208490844082,21380.00,6,B
1760000208611095360,21379.75,3,S
1760000208636072549,21379.75,5,B
1760000208925737129,21379.75,4,B
1760000209061890735,21379.50,6,S
1760000209091637820,21379.75,3,B
1760000209136918935,21379.75,8,B
1760000209201731410,21379.75,7,S
1760000209275826052,21379.75,6,B
1760000209341614189,21379.50,4,S
1760000209364735449,21379.50,6,B
1760000209386668309,21379.25,6,S
1760000209521907030,21379.50,3,B
1760000209592716160,21379.50,1,S
1760000209651889518,21379.75,7,B
1760000209927299096,21379.50,7,S
1760000210007589867,21379.75,2,B
1760000210081521064,21379.75,4,B
1760000210158509556,21379.75,2,S
1760000210223575630,21379.75,8,B
1760000210259237548,21379.75,6,B
1760000210476848198,21379.75,4,S
1760000210505849715,21380.00,4,B
1760000210576633772,21380.00,4,B
1760000210608831915,21380.00,4,B
1760000210987058652,21380.00,7,B
1760000211004867411,21380.00,3,B
1760000211264288688,21380.25,2,B
1760000211288268898,21380.25,8,B
1760000211299129601,21380.50,3,B
1760000211444542984,21380.50,10,S
1760000211461637554,21380.50,4,S
1760000211731710579,21380.50,5,B
1760000211747374385,21380.50,8,S
1760000211797386400,21380.50,4,B
1760000212143736090,21380.50,6,S
1760000212166327466,21380.25,3,S
1760000212205165524,21380.50,6,B
1760000212275070667,21380.25,3,S
1760000212314446513,21380.25,6,B
1760000212363886477,21380.25,4,S
1760000212797623914,21380.25,7,B
1760000212855271390,21380.25,3,B
1760000213233277742,21380.25,6,S
1760000213315794031,21380.25,10,B
1760000213346001768,21380.25,6,B
1760000213470274064,21380.25,9,B
1760000213686196349,21380.25,5,B
1760000213778733758,21380.00,7,S
1760000213829202870,21380.00,7,B
1760000213830836265,21380.25,7,B
1760000213986966540,21380.25,5,S
1760000214352811408,21380.25,5,S
1760000214438125454,21380.50,6,B
1760000214500808073,21380.50,7,S
1760000214540919947,21380.50,4,B
1760000214592247154,21380.50,4,B
1760000214593104611,21380.50,7,S
1760000214654308037,21380.50,7,S
1760000214878028545,21380.75,4,B
1760000214888664257,21380.75,2,B
1760000214966333714,21381.00,3,B
1760000215002420588,21381.25,4,B
1760000215005188179,21381.25,4,B
1760000215207330191,21381.00,4,S
1760000215265052887,21380.75,6,S
1760000215509563664,21380.50,2,S
1760000215792071123,21380.50,2,S
1760000215952910576,21380.75,4,B
1760000215954538298,21380.50,5,S
1760000216135653713,21380.50,4,B
1760000216949038850,21380.50,8,B
1760000217053269499,21380.75,3,B
1760000217136413747,21380.75,5,S
1760000217298554814,21380.75,7,S
1760000217352148027,21380.75,4,S
1760000217563408498,21381.00,5,B
1760000217599946170,21381.00,3,B
1760000217602837251,21381.00,5,B
1760000217607598779,21381.25,3,B
1760000217835084776,21381.25,4,B
1760000217897527764,21381.25,3,B
1760000217962200598,21381.00,8,S
1760000218039850454,21381.00,6,B
1760000218053298836,21381.00,3,B
1760000218160947699,21381.00,3,B
1760000218189805374,21381.00,9,S
1760000218279156750,21381.00,6,B
1760000218326120432,21381.00,6,B
1760000218562581941,21381.25,7,B
1760000218566052892,21381.00,3,S
1760000218650936368,21381.00,8,S
1760000218711103368,21381.00,8,B
1760000218723639186,21381.00,4,S
1760000218765339780,21381.00,9,S
1760000218775488075,21381.00,9,B
1760000218778062326,21380.75,4,S
1760000218790877230,21380.75,5,B
1760000219129880875,21380.50,6,S
1760000219145162016,21380.50,9,B
1760000219296546472,21380.50,5,S
1760000219341591070,21380.50,6,S
1760000219359699565,21380.50,6,S
1760000219644762355,21380.50,6,B
1760000219694154683,21380.50,7,S
1760000219733003873,21380.50,4,B
1760000219989466613,21380.50,4,S
1760000220004584173,21380.50,5,S
1760000220158908398,21380.50,3,S
1760000220338683553,21380.50,6,B
1760000220473258308,21380.25,5,S
1760000220584805084,21380.25,6,B
1760000220676046535,21380.25,5,B
1760000220811880115,21380.25,5,S
1760000221110434371,21380.25,3,B
1760000221209024806,21380.25,6,S
1760000221234466741,21380.25,9,B
1760000221434777825,21380.25,7,B
1760000221440609884,21380.25,5,B
1760000221542848765,21380.25,1,B
1760000221667709394,21380.25,6,B
1760000221724584363,21380.25,9,S
1760000221771716387,21380.25,4,B
1760000221863761904,21380.25,2,S
1760000221908500179,21380.25,7,S
1760000222035187535,21380.25,5,B
1760000222316857483,21380.25,9,S
1760000222555542571,21380.25,6,S
1760000222717438504,21380.25,5,S
1760000222888016004,21380.25,3,B
1760000222949302683,21380.00,3,S
1760000223031055373,21380.00,5,S
1760000223225299443,21380.00,4,B
1760000223401723472,21380.00,9,S
1760000223422326572,21380.25,6,B
1760000223463424790,21380.50,1,B
1760000223484470941,21380.50,7,B
1760000223625845957,21380.25,6,S
1760000223716968660,21380.25,4,S
1760000223842807371,21380.00,7,S
1760000223927229215,21380.00,4,B
1760000223955452721,21380.25,3,B
1760000224163505697,21380.25,2,B
1760000224198716114,21380.25,9,B
1760000224840793048,21380.50,9,B
1760000224891811770,21380.75,5,B
1760000224948254578,21380.75,4,B
1760000225025987731,21380.75,6,B
1760000225112490111,21380.75,10,B
1760000225177066428,21380.75,6,B
1760000225239668835,21381.00,8,B
1760000225308411781,21381.00,10,B
1760000225314338573,21381.00,2,B
1760000225428911168,21381.00,6,B
1760000225519976463,21381.00,5,B
1760000225544209628,21381.00,9,S
1760000225836583887,21381.00,7,B
1760000226035167403,21381.00,5,S
1760000226041741727,21381.25,3,B
1760000226431859691,21381.00,9,S
1760000226444586237,21381.00,10,B
1760000226742237828,21380.75,4,S
1760000226752315300,21380.75,6,B
1760000226761827114,21380.75,3,B
1760000226821925398,21381.00,5,B
1760000227223720004,21381.00,5,B
1760000227224187197,21381.25,9,B
1760000227271161327,21381.25,6,S
1760000227643195750,21381.25,6,B
1760000227690063130,21381.25,6,S
1760000227858458521,21381.25,5,B
1760000228023071219,21381.50,6,B
1760000228253560597,21381.50,7,B
1760000228531329990,21381.50,6,B
1760000228612177229,21381.50,5,B
1760000228633044627,21381.50,5,S
1760000228821283634,21381.50,9,B
1760000228906870669,21381.75,4,B
1760000228966274106,21381.75,7,B
1760000229023391635,21381.75,8,B
1760000229059905211,21381.75,5,S
1760000229237843174,21381.75,9,S
1760000229256881623,21382.00,1,B
1760000229597306426,21382.00,9,B
1760000229668310297,21382.00,2,S
1760000229678696543,21381.75,5,S
1760000229701856582,21382.00,5,B
1760000229932436306,21382.00,4,S
1760000230367376719,21382.00,4,S
1760000230384328585,21382.00,10,B
1760000230583650111,21382.25,6,B
1760000230700859179,21382.25,6,B
1760000230792520665,21382.25,5,B
1760000230901276931,21382.25,4,B
1760000230921532447,21382.25,8,B
1760000231047067260,21382.25,3,B
1760000231190191951,21382.25,2,B
1760000231271103884,21382.25,1,S
1760000231297064552,21382.00,2,S
1760000231354325547,21382.00,6,B
1760000231500664349,21381.75,2,S
1760000231542420268,21382.00,4,B
1760000231590229388,21382.00,3,S
1760000231688904364,21382.00,6,B
1760000231764099988,21382.25,3,B
1760000231775906949,21382.25,5,B
1760000231779825743,21382.25,4,S
1760000231780168425,21382.25,5,B
1760000231859042323,21382.25,8,B
1760000231962546978,21382.25,8,B
1760000231991320828,21382.25,5,S
1760000232051875346,21382.25,6,B
1760000232265529451,21382.50,4,B
1760000232269878140,21382.50,7,S
1760000232313409978,21382.50,7,S
1760000232445629056,21382.50,5,B
1760000232574113982,21382.75,6,B
1760000232595755846,21382.75,8,B
1760000232642726876,21382.75,4,B
1760000232720996590,21382.75,4,S
1760000232743237191,21382.75,8,B
1760000232799762525,21382.75,4,B
1760000233211008625,21382.75,8,S
1760000233363269949,21382.75,5,B
1760000233401281065,21382.75,6,S
1760000233411491494,21382.75,3,S
1760000233449076380,21382.50,3,S
1760000233485830015,21382.50,7,B
1760000233527172804,21382.50,6,B
1760000233758251728,21382.50,6,B
1760000233838619657,21382.50,2,B
1760000233947645116,21382.25,7,S
1760000233995347096,21382.50,6,B
1760000234083268560,21382.50,7,S
1760000234300077357,21382.50,2,S
1760000234314573392,21382.50,7,B
1760000234353242426,21382.50,3,S
1760000234445577123,21382.50,4,S
1760000234636127847,21382.75,5,B
1760000234703385675,21382.75,7,B
1760000234744561839,21382.75,9,B
1760000234752926546,21382.75,5,S
1760000234788982002,21382.75,4,B
1760000234907820917,21382.75,7,B
1760000235030674971,21382.75,7,B
1760000235052106167,21382.75,7,B
1760000235278268856,21383.00,2,B
1760000235286001747,21383.00,1,S
1760000235414414202,21383.00,5,S
1760000235431403370,21383.00,5,B
1760000235444411778,21382.75,2,S
1760000235454030262,21382.50,6,S
1760000235462304526,21382.50,5,B
1760000235585486086,21382.50,5,B
1760000235643918293,21382.75,4,B
1760000235659454258,21382.75,2,S
1760000235680162586,21382.75,5,B
1760000235781029761,21383.00,6,B
1760000235955023478,21383.00,5,S
1760000236095386696,21383.00,8,B
1760000236103719598,21383.00,6,S
1760000236215959225,21383.00,10,S
1760000236536102363,21383.00,6,S
1760000236580436590,21383.00,10,B
1760000236601543891,21382.75,6,S
1760000236664082431,21382.75,7,S
1760000236724262627,21382.75,4,B
1760000236930904704,21382.50,3,S
1760000236987888209,21382.50,6,S
1760000237279844872,21382.75,2,B
1760000237348625506,21382.75,7,B
1760000237374468814,21382.75,5,B
1760000237722168446,21382.75,3,B
1760000237844594197,21382.75,5,B
1760000237912028089,21382.75,8,S
1760000237949223182,21382.75,8,S
1760000237995960642,21382.50,8,S
1760000238002481183,21382.50,4,B
1760000238102958255,21382.50,7,S
1760000238144624614,21382.50,6,S
1760000238267760687,21382.50,5,S
1760000238350611116,21382.50,6,S
1760000238389421033,21382.50,3,S
1760000238449111127,21382.75,4,B
1760000238477425117,21382.75,8,S
1760000238559950882,21382.75,6,S
1760000238733755565,21382.75,9,S
1760000238746580095,21382.75,4,B
1760000238902983206,21382.75,3,B
1760000238933227302,21382.75,3,S
1760000238995764844,21382.50,8,S
1760000239012841116,21382.50,7,S
1760000239106119331,21382.50,3,B
1760000239119348541,21382.50,8,B
1760000239121928053,21382.50,4,S
1760000239216882318,21382.50,5,B
1760000239222630314,21382.25,1,S
1760000239237702306,21382.00,5,S
1760000239278975156,21382.00,7,B
1760000239357745425,21382.25,2,B
1760000239417256433,21382.25,4,B
1760000239444603504,21382.25,5,B
1760000239448935477,21382.50,3,B
1760000239518367039,21382.25,6,S
1760000239520746438,21382.25,1,S
1760000239543076345,21382.25,5,S
1760000239756484668,21382.25,5,S
1760000239773002309,21382.00,7,S
1760000239822173225,21382.00,5,S
1760000239843960526,21382.00,8,S
1760000240187337048,21382.00,3,S
1760000240199293528,21381.75,10,S
1760000240336838086,21381.75,7,S
1760000240381613517,21381.75,4,S
1760000240453173122,21382.00,4,B
1760000240476284735,21382.00,6,B
1760000240729886564,21382.00,2,S
1760000240825694320,21382.00,3,S
1760000240861855395,21382.00,2,B
1760000240867357824,21382.00,3,B
1760000240921398207,21382.00,3,B
1760000240936694456,21382.00,6,S
1760000241073054063,21381.75,5,S
1760000241074498854,21381.75,7,S
1760000241105979085,21381.75,3,S
1760000241112716835,21381.75,5,S
1760000241473565262,21381.50,3,S
1760000241597318823,21381.50,3,B
1760000241714332402,21381.50,5,S
1760000241894751534,21381.25,3,S
1760000241940012677,21381.25,8,S
1760000241957912751,21381.00,6,S
1760000241977024290,21381.00,5,B
1760000241992998122,21381.00,4,S
1760000242085166622,21381.00,8,S
1760000242148006586,21381.25,10,B
1760000242163677873,21381.25,6,B
1760000242178704515,21381.00,4,S
1760000242644392275,21381.00,5,S
1760000242673791424,21381.00,6,S
1760000242686225525,21381.00,8,S
1760000242760274780,21381.00,2,B
1760000242862570365,21381.00,7,S
1760000242862629995,21381.25,6,B
1760000243162424671,21381.25,6,B
1760000243264104480,21381.50,3,B
1760000243439931110,21381.25,4,S
1760000243494734984,21381.25,6,S
1760000243518111006,21381.25,9,S
1760000243613511091,21381.25,3,B
1760000243734119095,21381.25,5,S
1760000243789058706,21381.25,4,S
1760000243793002624,21381.25,6,S
1760000243871470764,21381.25,7,S
1760000244009721806,21381.25,3,B
1760000244046801161,21381.25,6,B
1760000244060541811,21381.25,8,S
1760000244067702111,21381.25,10,S
1760000244196557525,21381.50,8,B
1760000244215663731,21381.50,4,B
1760000244331757412,21381.25,7,S
1760000244360398056,21381.00,4,S
1760000244396391313,21381.00,8,B
1760000244422363318,21380.75,3,S
1760000244557207852,21380.75,7,S
1760000244602885110,21380.75,5,S
1760000244657120969,21380.75,4,B
1760000244663860599,21380.75,3,S
1760000244676758875,21380.75,5,B
1760000244784599252,21380.75,6,S
1760000244837915880,21380.50,4,S
1760000244852212291,21380.50,5,B
1760000244961847134,21380.25,4,S
1760000245215338779,21380.25,5,B
1760000245225769000,21380.25,5,S
1760000245241564571,21380.00,5,S
1760000245325071922,21380.00,4,B
1760000245501083841,21380.00,4,B
1760000245522478154,21380.00,8,S
1760000245703494396,21380.00,8,S
1760000245807351804,21379.75,9,S
1760000245841267263,21380.00,6,B
1760000246063506549,21380.00,5,B
1760000246113473251,21380.00,9,S
1760000246153087288,21380.00,8,B
1760000246201878610,21380.00,9,S
1760000246310056731,21380.00,6,S
1760000246377327587,21379.75,5,S
1760000246585073153,21379.50,4,S
1760000246668547667,21379.50,6,S
1760000246699187976,21379.50,6,S
1760000246861260324,21379.50,7,S
1760000246884134303,21379.50,6,S
1760000247012415179,21379.50,4,S
1760000247230694045,21379.50,7,S
1760000247356939531,21379.75,3,B
1760000247370227467,21379.75,4,B
1760000247377113870,21379.75,9,S
1760000247549239259,21379.75,3,S
1760000247948658262,21379.75,3,B
1760000247963708855,21379.75,1,B
1760000248151554847,21379.75,5,B
1760000248155630525,21379.50,3,S
1760000248532147247,21379.75,9,B
1760000248671469704,21379.75,3,S
1760000248673791866,21379.75,5,B
1760000248751817456,21380.00,10,B
1760000248847043520,21380.25,5,B
1760000248874753943,21380.25,4,S
1760000248886114150,21380.25,7,S
1760000248910116143,21380.50,7,B
1760000248926413404,21380.25,4,S
1760000249139956455,21380.25,7,S
1760000249178829057,21380.25,4,S
1760000249300385156,21380.25,5,S
1760000249455535058,21380.00,4,S
1760000249503249011,21380.00,6,S
1760000249606947289,21380.00,6,B
1760000249609017994,21380.00,4,S
1760000249666529940,21379.75,3,S
1760000249691265468,21379.75,6,S
1760000249878282475,21379.50,2,S
1760000249973850610,21379.25,7,S
1760000250034199693,21379.25,5,B
1760000250071537975,21379.00,5,S
1760000250076893512,21379.00,4,S
1760000250156287229,21379.00,2,S
1760000250321172033,21379.25,6,B
1760000250334426625,21379.25,3,S
1760000250410710085,21379.50,7,B
1760000250578538397,21379.50,5,S
1760000250596810713,21379.50,7,B
1760000250749669092,21379.50,6,S
1760000250778199556,21379.50,3,B
1760000250839961366,21379.50,8,S
1760000250917934094,21379.50,7,S
1760000251004084022,21379.50,7,S
1760000251280340113,21379.75,5,B
1760000251804620635,21379.50,7,S
1760000251851772188,21379.75,9,B
1760000251990540723,21379.75,7,S
1760000252148412452,21379.75,6,S
1760000252199368293,21379.75,5,S
1760000252213342110,21379.75,3,B
1760000252260188295,21379.75,4,B
1760000252351377454,21379.75,4,S
1760000252394838390,21379.75,2,B
1760000252878922093,21380.00,7,B
1760000252952546568,21380.00,8,B
1760000252995153013,21380.00,7,S
1760000253051964626,21380.00,10,S
1760000253190169892,21380.00,8,B
1760000253315441099,21380.00,3,S
1760000253459035270,21380.25,3,B
1760000253460254142,21380.25,5,B
1760000253620934116,21380.25,2,S
1760000254092282053,21380.50,4,B
1760000254117012161,21380.25,6,S
1760000254212931555,21380.25,7,S
1760000254294704817,21380.25,6,B
1760000254404892136,21380.25,7,S
1760000254555533399,21380.50,7,B
1760000254624623245,21380.50,7,S
1760000254786407458,21380.50,3,S
1760000254848834438,21380.75,9,B
1760000254893931888,21381.00,6,B
1760000254959550496,21380.75,3,S
1760000255016753853,21380.50,3,S
1760000255053571857,21380.50,8,S
1760000255077655341,21380.50,4,B
1760000255168781224,21380.50,1,S
1760000255177370816,21380.50,2,B
1760000255177579761,21380.75,8,B
1760000255293308311,21380.50,5,S
1760000255303841175,21380.25,5,S
1760000255303862489,21380.25,4,S
1760000255334968518,21380.25,5,B
1760000255368438180,21380.25,5,B
1760000255437038561,21380.50,6,B
1760000255546403596,21380.50,8,B
1760000255668704695,21380.50,4,B
1760000255778442610,21380.25,5,S
1760000255986500132,21380.25,3,B
1760000256114790814,21380.50,7,B
1760000256167533847,21380.50,10,S
1760000256256127169,21380.75,5,B
1760000256277383220,21381.00,6,B
1760000256298031838,21381.00,6,B
1760000256312292311,21381.00,9,B
1760000256350095067,21380.75,4,S
1760000256403846433,21380.75,2,S
1760000256619452023,21380.75,5,S
1760000256623372800,21380.75,7,B
1760000256670057485,21380.75,3,S
1760000256710481759,21380.75,7,S
1760000256786169104,21380.75,9,S
1760000256947252717,21380.75,7,B
1760000257024643387,21380.75,4,B
1760000257201576340,21380.75,9,B
1760000257227835650,21380.75,2,B
1760000257338227955,21380.75,5,S
1760000257364263294,21381.00,1,B
1760000257526409879,21381.00,8,B
1760000257528057723,21381.00,10,S
1760000257533312995,21380.75,7,S
1760000257684578059,21380.75,6,B
1760000257791319232,21380.75,8,B
1760000257819501998,21380.75,7,S
1760000257854077849,21381.00,5,B
1760000257984701215,21381.00,10,B
1760000257991806762,21381.00,2,S
1760000257998632749,21381.25,6,B
1760000258011579748,21381.25,8,S
1760000258024601724,21381.25,4,B
1760000258073684530,21381.25,5,B
1760000258236840274,21381.50,6,B
1760000258405698099,21381.50,3,S
1760000258447277038,21381.50,5,B
1760000258465612009,21381.50,10,S
1760000258585131385,21381.50,8,S
1760000258732464439,21381.50,2,B
1760000258736170211,21381.50,8,B
1760000258777528853,21381.25,6,S
1760000258786436597,21381.00,5,S
1760000258854626744,21381.00,3,S
1760000258952695417,21381.00,6,B
1760000258956667135,21381.00,7,B
1760000258986545671,21381.00,5,B
1760000259031767581,21381.00,4,B
1760000259034417153,21381.25,9,B
1760000259125932776,21381.50,5,B
1760000259164251057,21381.25,3,S
1760000259201573387,21381.25,6,S
1760000259281188103,21381.25,3,B
1760000259506878377,21381.00,4,S
1760000259614142869,21381.00,5,B
1760000259625440558,21381.00,6,B
1760000259703521398,21381.00,3,S
1760000259721959343,21381.00,6,S
1760000259889222792,21381.00,6,B
1760000260346269215,21381.00,7,B
1760000260504578523,21380.75,6,S
1760000260614504459,21380.75,4,B
1760000260666343307,21381.00,6,B
1760000260720854685,21381.00,4,S
1760000260810194503,21381.00,5,S
1760000261151849051,21381.00,3,B
1760000261288451235,21381.25,5,B
1760000261288733400,21381.50,4,B
1760000261300045080,21381.50,5,S
1760000261678364118,21381.50,6,B
1760000261787166889,21381.75,5,B
1760000261854288535,21382.00,4,B
1760000261916572788,21382.00,4,B
1760000261969914742,21381.75,4,S
1760000262025453865,21381.75,5,S
1760000262128806574,21381.75,6,B
1760000262459873281,21382.00,7,B
1760000262526407529,21382.00,10,B
1760000262798181615,21382.00,8,B
1760000262870847984,21382.00,5,B
1760000263185862590,21382.25,9,B
1760000263271291337,21382.25,8,S
1760000263271628991,21382.25,7,S
1760000263271775150,21382.50,8,B
1760000263416236257,21382.50,9,B
1760000263499252609,21382.50,3,B
1760000263538514663,21382.50,5,S
1760000263594871079,21382.50,5,B
1760000263821135723,21382.50,1,B
1760000263935379838,21382.50,3,S
1760000264069330258,21382.50,4,B
1760000264543952759,21382.50,2,S
1760000264585627756,21382.50,10,S
1760000264684811921,21382.25,7,S
1760000264703088615,21382.25,5,S
1760000264921540624,21382.25,6,B
1760000264954067937,21382.25,2,B
1760000265088353386,21382.25,4,S
1760000265107235840,21382.00,3,S
1760000265121464593,21382.00,6,B
1760000265135911122,21382.00,8,B
1760000265192443268,21382.00,5,S
1760000265239938637,21382.00,4,B
1760000265248802887,21382.25,4,B
1760000265305828336,21382.25,9,S
1760000265535067122,21382.25,5,S
1760000265711545118,21382.25,6,B
1760000265892755641,21382.25,6,B
1760000266153413067,21382.50,8,B
1760000266415482364,21382.25,2,S
1760000266441584798,21382.25,10,B
1760000266575377996,21382.25,6,B
1760000266735794627,21382.25,2,S
1760000266813230977,21382.25,3,B
1760000266843495686,21382.25,3,B
1760000267005884902,21382.25,6,B
1760000267103925183,21382.25,6,B
1760000267121913792,21382.25,1,B
1760000267266934997,21382.25,1,S
1760000267305869070,21382.25,5,S
1760000267314493794,21382.25,10,B
1760000267360942004,21382.25,5,S
1760000267487962314,21382.25,10,S
1760000267522191882,21382.50,6,B
1760000267613908066,21382.50,2,B
1760000267633233169,21382.50,3,S
1760000267680947315,21382.50,6,B
1760000267711231665,21382.50,3,B
1760000267756089817,21382.50,5,B
1760000267772256225,21382.75,5,B
1760000267880527336,21382.75,5,S
1760000268005804471,21382.50,3,S
1760000268058598846,21382.50,5,S
1760000268209383507,21382.50,6,S
1760000268222824306,21382.50,7,S
1760000268236093419,21382.50,3,B
1760000268334330706,21382.50,5,B
1760000268406828212,21382.50,10,B
1760000268413459921,21382.50,10,B
1760000268448437106,21382.50,6,B
1760000268483760440,21382.25,8,S
1760000268507824300,21382.25,4,B
1760000268714531491,21382.25,5,S
1760000268856272027,21382.00,5,S
1760000268983970876,21382.25,6,B
1760000268992811041,21382.25,5,B
1760000269064756080,21382.00,7,S
1760000269076293258,21382.00,6,B
1760000269253733734,21382.00,6,B
1760000269370291446,21382.00,3,B
1760000269397579608,21382.00,7,S
1760000269486039814,21381.75,3,S
1760000269650002721,21381.75,5,B
1760000269654956451,21381.50,6,S
1760000269768520277,21381.50,4,B
1760000269961493915,21381.50,9,S
1760000270030144126,21381.50,8,B
1760000270157542914,21381.75,3,B
1760000270329216756,21381.75,5,B
1760000270342902679,21381.75,7,B
1760000270390270296,21382.00,5,B
1760000270713083579,21382.00,10,S
1760000270737125492,21382.25,7,B
1760000270744480748,21382.25,7,B
1760000270756005689,21382.25,5,B
1760000270771005879,21382.00,3,S
1760000270864290668,21382.00,4,B
1760000270873966513,21382.00,4,S
1760000270947296837,21382.00,4,S
1760000271015098171,21382.00,5,B
1760000271133412735,21381.75,2,S
1760000271341220256,21381.75,6,B
1760000271391941857,21381.75,4,S
1760000271430563741,21381.50,3,S
1760000271459870318,21381.50,8,B
1760000271471386006,21381.50,10,S
1760000271704092088,21381.25,1,S
1760000271731812486,21381.00,8,S
1760000271883335896,21381.00,6,S
1760000271935669122,21381.00,10,B
1760000271948923696,21380.75,5,S
1760000271994848714,21380.75,5,B
1760000272080200848,21381.00,5,B
1760000272221349231,21381.00,8,S
1760000272306379696,21381.00,9,B
1760000272443429283,21381.00,4,S
1760000272663388266,21381.00,6,B
1760000272679279851,21381.25,7,B
1760000272763556358,21381.25,2,S
1760000272946307279,21381.00,5,S
1760000272998094347,21381.00,8,B
1760000273014936309,21381.00,4,S
1760000273117640651,21381.00,6,B
1760000273210966813,21381.00,8,B
1760000273238933150,21381.00,3,S
1760000273466479568,21381.00,2,S
1760000273699012249,21381.00,5,B
1760000273788297050,21381.00,9,B
1760000273819226927,21381.00,2,B
1760000273820731499,21381.00,3,B
1760000273985358530,21380.75,4,S
1760000274036219753,21380.75,7,B
1760000274067951641,21380.50,2,S
1760000274068605105,21380.50,7,S
1760000274075070154,21380.50,1,S
1760000274185427124,21380.50,1,S
1760000274476095869,21380.25,5,S
1760000274671173841,21380.25,7,B
1760000274744948078,21380.25,6,S
1760000274790891813,21380.00,7,S
1760000274849356065,21380.00,7,S
1760000274900976611,21380.00,6,S
1760000274943220011,21380.00,7,S
1760000275199732021,21380.00,5,S
1760000275346314767,21380.00,2,B
1760000275368434219,21380.25,4,B
1760000275412732062,21380.25,8,S
1760000275674690408,21380.50,7,B
1760000275685410692,21380.50,6,B
1760000276074359635,21380.50,9,B
1760000276449150880,21380.50,7,B
1760000276485837587,21380.50,6,B
1760000276524849336,21380.50,4,B
1760000276557061752,21380.25,7,S
1760000276585846753,21380.50,9,B
1760000276742358633,21380.25,2,S
1760000276743769897,21380.25,6,B
1760000276754566061,21380.25,5,B
1760000276839550790,21380.25,5,S
1760000276981382333,21380.00,6,S
1760000277190649653,21380.00,3,S
1760000277216644450,21380.00,4,S
1760000277370639220,21380.00,4,B
1760000277435709551,21380.00,5,B
1760000277666281066,21379.75,4,S
1760000277744068960,21379.75,3,B
1760000277843271444,21379.75,3,S
1760000277993458388,21379.75,6,B
1760000278024234433,21379.75,2,B
1760000278424331011,21379.75,8,B
1760000278734198832,21379.50,9,S
1760000278812256364,21379.50,3,S
1760000279034982385,21379.50,7,B
1760000279219349084,21379.50,7,B
1760000279566937782,21379.50,9,S
1760000279647578524,21379.75,6,B
1760000279745946080,21379.50,4,S
1760000279790097474,21379.50,7,B
1760000279839608481,21379.25,8,S
1760000279871753058,21379.25,6,S
1760000279970590553,21379.25,6,B
1760000280056061412,21379.25,3,B
1760000280094644762,21379.25,7,S
1760000280209077741,21379.25,4,B
1760000280214404320,21379.25,7,S
1760000280344485222,21379.25,1,B
1760000280456268172,21379.25,5,B
1760000280485197274,21379.25,8,S
1760000280507026216,21379.25,7,B
1760000280583105264,21379.50,5,B
1760000280784315060,21379.50,6,S
1760000280802278162,21379.50,4,B
1760000280878429385,21379.50,6,B
1760000280896783135,21379.50,6,B
1760000281099532049,21379.50,6,S
1760000281110760562,21379.50,6,S
1760000281178022909,21379.50,7,S
1760000281319076656,21379.25,4,S
1760000281319839794,21379.25,5,S
1760000281580640313,21379.25,5,B
1760000281585442792,21379.50,1,B
1760000281767806711,21379.50,5,B
1760000281828261153,21379.50,7,B
1760000282045503616,21379.50,5,S
1760000282072704023,21379.50,4,B
1760000282192147837,21379.25,1,S
1760000282341907848,21379.25,9,B
1760000282405942017,21379.25,5,B
1760000282406616943,21379.25,6,B
1760000282424384921,21379.25,7,B
1760000282430399119,21379.25,8,B
1760000282488774867,21379.50,9,B
1760000282530007304,21379.50,8,S
1760000282618758494,21379.50,8,S
1760000282803006740,21379.50,1,B
1760000282970360599,21379.50,2,B
1760000283184483779,21379.75,2,B
1760000283502596812,21379.75,3,B
1760000283705460322,21380.00,7,B
1760000283805701066,21380.25,3,B
1760000283841835712,21380.25,5,B
1760000283911067358,21380.25,5,S
1760000283970670197,21380.25,7,S
1760000283971308770,21380.25,4,B
1760000284005264326,21380.25,5,B
1760000284138842010,21380.50,6,B
1760000284154298558,21380.75,9,B
1760000284155113354,21381.00,6,B
1760000284172566647,21381.25,7,B
1760000284245689213,21381.25,4,B
1760000284311097165,21381.25,5,B
1760000284358725030,21381.25,4,S
1760000284455118708,21381.25,6,S
1760000284585887826,21381.25,7,B
1760000284643786946,21381.25,5,B
1760000284798532676,21381.25,6,S
1760000285112472165,21381.25,9,B
1760000285136564546,21381.50,6,B
1760000285192268966,21381.50,9,B
1760000285207802616,21381.50,8,S
1760000285540647982,21381.50,5,B
1760000285594755058,21381.50,5,B
1760000285612376486,21381.50,7,B
1760000285778852239,21381.50,2,S
1760000286002599323,21381.75,6,B
1760000286060606480,21381.75,8,B
1760000286203212185,21381.75,4,B
1760000286289861949,21381.75,3,B
1760000286306024421,21381.75,9,B
1760000286462368513,21381.75,2,S
1760000286677244657,21381.75,8,S
1760000286747253924,21381.75,7,S
1760000286881954028,21382.00,8,B
1760000287140055147,21382.00,2,S
1760000287141804054,21382.25,9,B
1760000287180478322,21382.25,3,B
1760000287386055992,21382.25,6,B
1760000287537115080,21382.25,8,S
1760000287539547418,21382.25,2,S
1760000287634243079,21382.50,7,B
1760000287642869462,21382.25,4,S
1760000287743188043,21382.00,2,S
1760000287944726524,21382.00,2,B
1760000287956962037,21382.00,1,S
1760000288005182948,21382.00,4,B
1760000288019799669,21382.00,8,B
1760000288289217966,21381.75,6,S
1760000288345684314,21381.75,5,B
1760000288450845694,21382.00,4,B
1760000288461432723,21382.00,9,B
1760000288535838122,21382.00,3,B
1760000288626552210,21382.25,6,B
1760000288747158273,21382.25,6,S
1760000288880332547,21382.25,9,B
1760000288922681013,21382.25,5,S
1760000288935311097,21382.25,7,B
1760000288974858458,21382.00,3,S
1760000289258752954,21382.00,2,S
1760000289720275006,21382.25,6,B
1760000289788566396,21382.25,4,B
1760000289915449884,21382.00,3,S
1760000289928972628,21382.00,3,B
1760000289967455847,21382.00,2,S
1760000290088254266,21381.75,1,S
1760000290089954655,21381.75,6,S
1760000290144978741,21381.75,6,S
1760000290234168533,21381.75,4,B
1760000290299478810,21381.75,6,B
1760000290356427599,21381.75,5,S
1760000290360377635,21381.75,8,B
1760000290386494755,21381.75,8,S
1760000290390850604,21382.00,6,B
1760000290402212519,21382.00,4,B
1760000290411033910,21382.00,2,B
1760000290416572823,21382.00,5,S
1760000290767126229,21382.00,5,S
1760000290786361070,21382.25,9,B
1760000290899175314,21382.25,7,B
1760000290967727774,21382.25,6,B
1760000291019241239,21382.25,6,S
1760000291201461486,21382.25,5,B
